2250 3552
184 152 231 198 3⁰0
484 147 665 195 'HPOAOTOT
923 147 984 211 [IX.

182 233 232 305 τῆς
253 230 338 304 ἰθείης
356 226 602 302 Λακεδαιμονίοισι
618 227 762 303 πολέμιος·
785 227 817 285 ού
838 227 935 302 μέντοι
951 253 986 308 γε

182 321 210 379 ἐς
222 318 343 378 τέλος
317 342 344 375 οι
358 314 502 390 συνήνεικε
514 341 548 374 το
539 313 690 393 ἔχθος
658 341 691 373 το
710 319 737 376 ἐς
752 314 986 391 Λακεδαιμονίους

182 403 432 513 συγκεκυρημένον·
453 402 564 478 ήλω
527 429 582 483 γαρ
595 401 798 478 μαντευόμενος
812 406 841 462 έν
855 403 986 484 Ζαιούνθῳ

182 491 228 551 ὑπ’
259 491 357 561 αὐτῶν,
386 491 432 549 καὶ
458 489 588 550 άπέθανε.
630 489 646 550 ό
672 491 724 567 μέν
750 517 798 550 νυν
825 490 986 554 θάνατος“
967 519 985 552 ο

181 578 451 661 ‘'Hvavadrov
435 605 553 656 υστερον
580 580 688 659 ἐγένετο
714 582 770 639 τῶν
793 583 984 640 Πλαταιῖκιδν·

181 668 244 728 τότε
259 668 281 728 δ’
296 669 342 728 ε’πὶ
354 673 393 747 τῷ
407 666 528 746 Ἀσωπῷ
546 667 695 746 Μαρδονίῳ
707 668 920 744 μεμισθωμένος
933 667 985 728 ούκ

182 756 290 838 ὀλίγου,
305 755 400 817 ε’θύετό
413 782 443 816 τε
458 782 504 814 και
494 755 704 832 προεθυμέετο
720 755 791 814 κατά
809 781 839 814 τε
854 755 888 815 τό
903 757 985 836 ἔχθος

183 871 215 904 το
207 845 453 950 Λακεδαιμονίων
467 843 513 902 καὶ
527 843 598 902 κατά
610 842 643 902 τό
657 843 757 920 κέρδος.

134 933 173 990 38
223 933 272 997 Ως
284 932 357 992 δε’
325 959 374 992 ουκ
385 930 575 1008 ἐκαλλιέρεε’
555 957 627 992 ωστε
636 930 788 1010 μάχεσθαι,
799 930 862 991 οὔτε
871 930 984 994 αύτοῖσι

137 1089 144 1104 ι
183 1023 323 1101 Πέρσῃσι,
346 1020 409 1080 οὔτε
426 1024 502 1080 τοῖσι
524 1020 582 1097 μετ’
604 1021 710 1080 ε’κείνων
732 1024 811 1080 ἐοῦσι
828 1019 983 1097 Ελλήνων·

182 1110 272 1190 (εἶχον
285 1111 340 1192 γάρ
354 1111 400 1168 καὶ
413 1106 490 1169 οὗτοι
509 1107 577 1167 ἐπ’
565 1111 670 1168 εωυτῶν
685 1106 784 1184 μάντιν
797 1108 983 1188 Ιππόμαχον,

182 1199 334 1258 Λευκάδιον
348 1197 489 1278 άνδραμ)
477 1196 656 1274 επιρρεόντων
670 1196 751 1255 δὲ
712 1222 767 1256 των
779 1195 924 1272 Ἑλλήνων
937 1200 983 1256 καὶ

182 1288 333 1367 γινομένων
359 1284 491 1359 πλεύνων,
515 1284 696 1365 Τιμηγενίδης
719 1283 735 1343 6
754 1283 885 1362 Ἕρπυος,
913 1284 983 1362 οἷνήρ

182 1378 317 1451 Θηβαῖος,
334 1374 544 1451 συνεβούλευσε
563 1374 710 1452 Μαρδονίῳ
723 1373 773 1436 τοὶς
792 1372 916 1451 ἐκβολάς
933 1379 984 1434 τοῦ

183 1465 355 1541 Κιθαιρῶνος
376 1462 507 1538 φυλάξαι,
527 1463 617 1543 λέγων
638 1461 673 1525 οἷς
693 1462 851 1538 ἐπιρρέουσι
872 1465 899 1522 οἱ
914 1461 982 1521 ’.Ελ-

182 1555 263 1627 ληνες
280 1553 332 1610 αἰεὶ
351 1551 404 1611 άνά
422 1555 519 1610 πᾶσαν
539 1551 652 1657 ἡμέρην,
667 1551 713 1610 καὶ
732 1550 767 1613 αἶς
782 1550 982 1629 ἀπολάμψοιτο

135 1642 172 1699 39
182 1639 308 1747 σηχνούς.
352 1638 473 1716 Ημέραι
486 1638 518 1698 δέ
530 1638 620 1714 σφι’
602 1639 845 1715 αντικατημένοισι
857 1638 911 1714 ἤδη
925 1644 982 1720 ἔγε-

182 1728 302 1809 γόνεσαν
316 1727 396 1798 όκτιδ,
412 1728 458 1788 ὅτε
471 1732 560 1787 ταῦτα
576 1731 677 1790 ε’κεῖνος
695 1726 882 1838 συνεβούλευε
902 1733 983 1804 Map-

183 1816 309 1898 δονίῳ·
293 1845 309 1878 ο
330 1817 359 1876 δὲ
379 1815 529 1894 μαθων
495 1842 546 1891 την
563 1816 726 1892 παραίνεσιν
747 1840 776 1873 ευ
798 1815 926 1893 ἔχουσαν,
948 1815 983 1878 ὥς

183 1905 306 1984 εὐφρόνη
325 1905 440 1986 ἐγένετο,
455 1904 558 1980 πέμπει
576 1903 628 1979 τήν
645 1904 730 1962 ἵππον
748 1907 775 1965 ές
792 1902 842 1964 τάς
860 1904 983 1978 ε’κβολάς

181 1993 232 2057 τάς
254 1993 461 2072 Κιθαιρωνίδας,
481 1991 510 2051 οἳ
530 1992 576 2050 ε’πὶ
595 1992 760 2050 Πλαταιέων
781 1991 910 2068 φέρουσι·
934 1991 983 2054 τάς

183 2083 300 2142 Βοιωτοὶ
313 2085 364 2158 μὲν
380 2085 459 2158 Τρεῖς
479 2078 618 2155 Κεφαλάς
637 2079 778 2152 καλέουσι,
793 2077 937 2154 Ἀθηναῖοι
953 2079 983 2138 δὲ

183 2171 274 2246 Δρυός
308 2168 453 2246 Κεφαλάς.
497 2168 671 2245 πεμφθέντες
698 2168 727 2226 δὲ
755 2170 781 2226 οἱ
809 2165 924 2226 ἱππόται
951 2165 983 2226 ού

181 2257 273 2334 μάτην
299 2257 441 2318 άπίκοντο·
482 2257 667 2333 ἐσβάλλοντα
693 2254 747 2335 γάρ
775 2259 802 2318 ές
828 2254 861 2314 τό
888 2255 984 2316 πεδίον

183 2344 366 2422 λαμβάνουσι
383 2345 520 2426 ὑποζύγιά
540 2371 570 2404 τε
591 2342 769 2413 πεντακόσια,
785 2343 862 2402 σιτία
878 2342 983 2424 άγοντα

184 2433 240 2493 άπό
259 2431 482 2509 Πελοποννήσου
500 2438 527 2495 ές
545 2432 578 2492 τό
600 2431 798 2508 στρατόπεδον,
817 2431 863 2489 καὶ
881 2430 983 2508 άνθρά-
1008 2445 1009 2448 ’

183 2549 251 2586 τους
276 2522 302 2581 οἳ
324 2522 434 2582 εἵποντο
456 2523 532 2581 τοῖσι
554 2520 673 2601 ζεύγεσι·
699 2519 808 2583 έλόντες
830 2519 860 2578 δὲ
881 2519 984 2595 ταύτην

182 2610 233 2686 τήν
252 2610 340 2692 ἄγρην
359 2613 386 2669 οἱ
403 2610 514 2686 Πέρσαι
533 2607 666 2684 α’φειδέως
685 2607 825 2684 ἐφόνευον,
840 2605 872 2666 ού
891 2606 984 2682 φειδό-

182 2725 261 2776 μενοι
275 2697 337 2758 οὔτε
355 2697 504 2777 ύποζυγίου
524 2695 634 2759 οὐδενός
651 2695 712 2755 οὔτε
729 2694 884 2771 άνθράπαυ·
906 2694 941 2756 ὦς
955 2695 985 2754 δὲ

184 2785 253 2862 άδην
280 2786 356 2865 εἶχον
383 2786 540 2854 κτείνοντες,
567 2783 602 2843 τά
632 2785 720 2843 λοιποὶ
747 2782 836 2842 αὐτῶν
862 2782 985 2859 ήλαυνον

183 2873 423 2951 περιβαλλόμενοι
437 2871 513 2949 παρά
529 2897 559 2931 τε
577 2871 736 2948 Μαρδόνιον
754 2871 800 2930 καὶ
814 2875 841 2934 ές
853 2870 886 2930 τό
899 2896 985 2947 στρα-

183 2962 306 3022 τάπεδον.

136 3053 174 3108 40
224 3049 305 3108 Μετά
323 3049 452 3108 δὲταῦτα
470 3050 503 3106 τό
522 3051 602 3127 ἔργον
623 3050 717 3124 ἑτέρας
739 3047 788 3106 δύο
810 3049 914 3123 ἡμέρας
933 3047 987 3106 διέ-

183 3145 292 3211 τριψαν,
310 3136 447 3209 οὐδέτεροι
467 3136 639 3211 βουλόμενοι
661 3134 753 3214 μάχης
777 3134 867 3211 ἄρξαι·
901 3135 987 3213 μέχρι

183 3225 234 3295 μὲν
260 3222 315 3301 γάρ
342 3228 391 3280 τοῦ
411 3221 543 3280 Ἀσωποῦ
566 3222 687 3296 ε’πήϊσαν
710 3226 736 3281 οἱ
757 3223 904 3300 βάρβαροι
927 3249 987 3282 πει-

183 3307 299 3381 ρώμενοι
322 3312 377 3367 τῶν
397 3306 550 3382 Ἑλλήνων,
574 3309 715 3384 διέβαινον
739 3309 769 3368 δὲ
796 3310 943 3384 οὐδέτεροι·
967 3311 986 3386 ή
