2282 3550
198 130 246 178 182
501 129 686 178 ἨΡΟΔΟΤΟΤ
924 129 997 196 [VII.

150 212 207 270 153
256 208 304 272 Ἐς
320 208 351 268 δί
365 207 417 284 τήν
437 208 569 284 Σικελίην
589 208 676 268 ἄλλοι
690 233 721 269 τε
741 205 861 268 ἀπίκατο
881 207 999 291 ἄγγελοι

196 297 253 357 ἀπιί
268 301 324 357 τῶν
333 295 494 375 συμμάχων
507 297 694 373 συμμίξοντες
711 296 825 365 Γέλωνι,
841 298 886 354 καὶ
905 297 1000 374 δήκαὶ
1063 311 1068 320 ’

195 385 252 446 ἀπά
268 389 323 446 τῶν
339 384 565 461 Λακεδαιμονίων
582 383 716 466 Σύαγρος.
757 387 807 444 τοῦ
825 384 855 442 δὲ
874 385 998 451 Γέλωνος

195 474 295 535 τούτου
312 473 458 555 πρόγονος,
479 473 595 550 οἰκήτωρ
618 473 669 532 εὀἰν
687 473 785 548 Γέλης,
804 471 839 549 ἦν
858 477 888 532 ε’κ
909 474 1016 552 νήσου,

194 563 290 638 Τήλου
316 566 367 638 τῆς
393 563 440 621 ε’πί
466 562 588 640 Τριοπίῳ
615 561 749 638 κειμένης·
781 559 811 624 ἀς
838 563 1000 640 κτιζομένης

195 653 285 727 Γέλης
297 650 352 710 ιίπά
363 651 481 710 Λινδίων
489 675 520 709 τε
533 653 588 709 τῶν
598 655 628 709 ἐκ
641 648 740 708 Ῥόδου
754 649 800 708 καὶ
812 649 998 729 Ἀντιφήμου,

195 739 244 799 οὐκ
263 741 390 815 ε’λείφθη·
413 737 466 797 ἀνά
481 735 584 817 χρόνον
601 737 631 796 δὲ
650 736 736 796 αὐτοῦ
754 740 781 797 οἰ
800 737 937 818 ἀπόγονοι
954 766 999 821 γε-

194 827 305 905 νόμενοι
316 826 463 906 ἱροφάνται
476 830 531 886 τῶν
543 827 661 904 χθονίων
672 826 742 885 θεῶν
752 825 889 885 διετέλεον
898 827 996 902 ε’όντες,

194 920 317 993 Τηλίνεω
336 916 395 980 ἑνός
412 942 460 976 τευ
478 919 533 975 τῶν
550 915 694 996 προγόνων
712 915 889 992 κτησαμένου
904 917 999 998 τρόπῳ

194 1007 298 1085 τοιῷδε·
320 1012 347 1069 ἐς
368 1003 535 1081 Μακτώριον
551 1002 636 1062 πόλιν
652 1003 704 1078 τήν
723 1002 793 1080 ἀπὲρ
812 1004 902 1079 Γέλης
924 1009 998 1083 οἰκη-

193 1096 280 1170 μένην
303 1096 408 1175 έφυγον
431 1091 526 1168 ἀνδρες
552 1090 677 1161 Γελιόων,
703 1092 872 1156 ἑσσωθέντες
898 1093 997 1154 στάσι·

193 1181 308 1246 τούτους
321 1180 386 1241 ὦνό
401 1181 520 1256 Τηλίνης
534 1178 674 1260 κατήγαγε
688 1184 715 1242 ἐς
729 1181 830 1256 Γέλην,
842 1182 912 1260 ἔχων
923 1181 998 1243 οὔδε-

193 1271 260 1348 μίαν
286 1270 391 1346 ἀνδρῶν
414 1269 528 1344 δύναμιν
547 1266 617 1326 ’ἀλλ’
640 1267 686 1344 ἰρά
709 1268 812 1328 τούτων
835 1273 890 1328 τῶν
917 1271 997 1330 θεῶν·

194 1359 258 1418 ὅθεν
278 1359 307 1418 δὲ
331 1357 401 1416 αιίτά
422 1358 509 1433 ἔλαβε
529 1353 547 1432 ἦ
568 1354 651 1419 αὕτάς
675 1355 822 1432 ε’κτήσατο,
842 1362 926 1418 τοῦτο
947 1359 997 1420 οιίκ

194 1447 248 1525 ἔχω
269 1449 363 1506 εἰπεῖν·
391 1445 516 1504 τούτοισι
536 1443 559 1504 δ’
581 1443 618 1504 ὧν
637 1445 754 1508 πίσυνος
775 1445 833 1515 ε’ἀν,
855 1447 997 1530 κατήγαγε

194 1533 237 1594 ἐπ’
258 1532 280 1614 ᾧ
303 1558 334 1593 τε
358 1535 385 1592 οἱ
408 1531 542 1613 ἀπόγονοι
566 1531 651 1593 αὐτοῦ
676 1532 824 1611 ἱροφάνται
847 1538 902 1594 τῶν
926 1537 997 1598 θεῶν

194 1623 314 1682 ἔσονται.
356 1621 437 1698 θῶμά
456 1647 506 1698 μοι
525 1619 561 1681 ὧν
582 1621 732 1682 καὶτοῦτο
752 1622 849 1703 γέγονε
869 1623 941 1701 πρδς
960 1629 997 1686 τά

193 1709 368 1788 πυνθάνομαι
382 1707 610 1791 κατεργάσασθαι
623 1709 746 1786 Τηλίνην
756 1711 837 1792 ἔργον
847 1716 995 1774 τοσοῦτον·

192 1799 228 1860 τιί
248 1803 365 1860 τοιαῦτα
385 1798 439 1879 γάρ
461 1799 528 1880 ἔργα
549 1797 581 1858 οὗ
598 1799 668 1875 πράς
687 1803 738 1858 τοῦ
755 1797 878 1864 ἅπαντος
895 1799 998 1878 ἀνδρός

193 1889 324 1966 νενόμικα
338 1887 476 1969 γίνεσθαι,
490 1885 567 1946 ἀλλά
583 1886 653 1964 πράς
671 1889 763 1966 ψυχῆς
777 1913 808 1947 τε
826 1887 934 1970 ἀγαθῆς
950 1891 997 1950 καί

192 1977 286 2054 ῥώμης
299 1975 437 2054 ἀνδρηίης·
453 1973 470 2035 ἀ
484 1975 513 2034 δὲ
526 1975 639 2056 λέγεται
651 1975 721 2052 πράς
734 1979 785 2051 τῆς
798 1977 928 2053 Σικελίης
940 1982 1000 2039 τῶν

193 2065 342 2144 οἰκητόρων
351 2065 388 2124 τά
399 2064 549 2125 ἀπεναντία
557 2062 669 2132 τούτων,
680 2065 833 2140 πεφυκέναι
844 2065 997 2144 θηλυδρίης

191 2181 222 2214 τε
243 2155 289 2213 καί
308 2153 505 2232 μαλακώτερος
525 2151 605 2228 ἀνήρ·
626 2151 697 2212 οὕτω
716 2153 769 2229 μέν
788 2179 836 2213 νυν
856 2154 997 2230 ἐκτήσατο

147 2245 202 2302 154
213 2247 296 2302 τοῦτο
312 2241 345 2302 τά
362 2243 454 2322 γέρας·
476 2240 639 2317 Κλεάνδρου
651 2235 684 2300 ’δὲ
700 2245 750 2301 τοῦ
772 2241 934 2318 Παντάρεος
954 2271 997 2306 τε·

192 2330 381 2406 λευτήσοντος
402 2328 453 2390 τάν
475 2329 550 2406 βίον,
575 2328 606 2393 ὃς
627 2329 806 2407 ἐτυράννευσε
829 2332 881 2406 μὲν
905 2332 998 2410 Γέλης

193 2418 262 2478 έπτά
276 2420 338 2478 ἔτεα
350 2417 471 2478 ἀπέθανε
481 2417 511 2476 δὲ
520 2417 576 2477 ὑπά
591 2416 747 2494 Σαβύλλου
761 2417 860 2495 ἀνδράς
873 2419 996 2488 Γελοίου,

192 2509 311 2568 ε’νθαΰτα
330 2505 526 2583 ἀναλαμβάνει
543 2505 594 2582 τήν
611 2506 783 2584 μουναρχίην
799 2505 996 2584 Ἱπποκράτης,

194 2595 356 2673 Κλεάνδρου
377 2594 427 2654 εὀἰν
447 2593 594 2670 ἀδελφεός·
616 2595 727 2672 ἔχοντος
748 2593 778 2652 δὲ
796 2593 997 2672 Ἱπποκράτεος

191 2685 244 2761 τήν
255 2683 410 2762 τυραννίδα,
425 2682 440 2743 ἀ
457 2683 559 2751 Γέλων,
573 2681 624 2741 ε’ἀν
637 2683 760 2758 Τηλίνεω
777 2686 826 2742 τοῦ
841 2684 997 2759 ἱροφάντεω

192 2771 338 2852 ἀπόγονος,
352 2775 469 2831 πολλῶν
484 2770 543 2847 μετ’
557 2768 652 2830 ἄλλων
671 2771 717 2828 καὶ
735 2769 926 2847 Αἰνησιδήμου
944 2777 997 2834 τοῦ

193 2865 337 2920 Παταΐκοῦ
347 2859 378 2923 ὃς
387 2858 422 2936 ἦν
432 2859 587 2936 δορυφόρος
599 2857 798 2934 Ἱπποκράτεος
810 2903 911 2919 .....
922 2861 997 2937 μετά

192 2949 222 3008 δὲ
235 2948 268 3008 οὐ
283 2948 394 3008 πολλάν
406 2945 507 3026 χρόνον
521 2945 554 3005 δι’
568 2944 668 3022 ἀρετήν
681 2944 823 3026 ἀπεδέχθη
836 2946 931 3023 πάσης
944 2954 997 3025 τῆς

194 3036 280 3096 ἵππου
304 3035 373 3095 εἶναι
395 3036 544 3113 ἵππαρχος.
586 3033 800 3111 πολιορκέοντος
822 3035 878 3117 γάρ
898 3034 997 3098 Ἱππο-

193 3123 306 3200 κράτεος
332 3124 549 3185 Καλλιπολίτας
574 3147 606 3182 τε
627 3122 673 3181 καί
697 3123 827 3194 Ναξίους,
852 3123 899 3182 καί
923 3129 997 3208 Ζαγ-

192 3211 305 3274 κλαίους
324 3236 356 3270 τε
376 3211 422 3268 καί
439 3211 608 3281 Λεοντίνους,
625 3210 672 3268 καί
690 3209 768 3288 πράς,
789 3214 999 3289 Συρηκουσίους

130 3359 131 3363 Ἰ
191 3322 223 3355 τε
246 3297 291 3354 καί
314 3301 368 3356 τῶν
392 3297 548 3372 βαρβάρων
568 3296 698 3376 συχνοιίς,
719 3297 790 3375 ἀνήρ
811 3301 942 3376 ε’φαίνετο
968 3309 999 3365 έν
