2282 3550
173 151 219 197 υιο
484 145 667 194 ἀτοιοτου
881 139 973 205 [v111.

173 251 222 285 τον
242 225 366 302 θόρυβον
389 224 521 282 ἀπίκοντο
549 221 622 281 ὥστε
643 221 709 280 ἐνιοι
729 224 784 281 τῶν
811 227 976 299 στρατηγῶν

174 313 236 374 οὐδὲ
250 315 403 390 κυρωθῆναι
417 313 512 387 έμενον
525 310 558 370 τά
572 311 752 386 προκείμενον
770 314 895 390 πρῆγμα,
910 309 969 368 ἀλλ’

174 404 201 466 ἐς
220 428 251 461 τε
271 403 320 464 τοὶς
341 405 408 476 νῆας
429 399 589 467 ἐσέπιπτον,
615 399 661 457 καὶ
682 398 759 457 ἱστία
786 397 912 476 ἀείροντο
941 399 977 464 ῶς

175 488 406 566 ἀποθευσόμενοι·
443 488 523 547 τοῖσί
550 513 581 545 τε
612 481 859 562 ὖπολειπομένοισι
887 486 978 549 αότῶν

176 578 299 654 ἐκυρώθη
313 576 368 653 πρά
381 580 431 636 τοῦ
440 575 559 651 Ἰσθμοῦ
570 575 743 651 ναυμαχέειν·
755 573 805 644 νύξ
816 600 847 634 τε
861 577 974 655 ἐγίνετο,

175 667 220 724 καὶ
242 665 275 736 οἳ,
293 665 467 727 διαλυθέντες
487 670 516 723 ἐκ
534 667 584 722 τοῦ
605 662 757 739 συνεδρίου,
780 664 830 722 ἐσέ
853 690 928 723 αινον
950 671 977 728 ἐς

125 755 225 818 57τάς
244 758 319 830 νῆας.
362 752 500 814 Ἐνθαῦτα
527 752 561 826 δῆ
589 750 784 828 Θεμιστοκλέα
808 751 977 828 ἀπικόμενον

176 844 221 903 ἐπὶ
241 843 293 918 τῆν
311 847 364 918 νῆα
381 843 468 919 εἴρετο
487 841 678 916 Μνησίφιλος,
699 838 769 918 ἀνῆρ
787 839 943 914 Ἀθηναῖος,
960 838 977 899 ὅ

174 959 201 992 τι
216 939 271 1007 σφι
285 932 326 1006 ε’ίη
339 930 579 1006 βεβουλευμένον;
596 927 752 1005 πυθόμενος
766 928 795 987 δὲ
809 929 878 1002 πρὸς
892 927 977 988 αότοῦ

176 1020 211 1084 ῶς
224 1023 266 1096 εἴη
280 1020 445 1100 δεδογμένον
459 1017 571 1100 ἀνάγειν
580 1017 630 1080 τάς
641 1021 708 1092 νῆας
717 1015 787 1094 πρός
797 1015 846 1075 τόν
859 1015 977 1092 Ἰσθμόν

176 1111 222 1168 καὶ
233 1109 289 1186 πρό
302 1112 352 1183 τῆς
367 1106 589 1181 Πελοποννήσου
603 1105 775 1183 ναυμαχέειν,
788 1104 856 1163 εἶπε·
873 1117 890 1140 “
899 1103 977 1165 οὗτοι

175 1197 230 1274 άρα
252 1196 287 1274 ῆν
310 1195 450 1273 ἀπαίρωσι
470 1194 520 1258 τάς
544 1198 612 1270 νῆας
633 1192 689 1253 ἀπό
714 1195 884 1269 Σαλαμῖνος,
912 1195 977 1271 περὶ

176 1285 304 1362 οὐδεμιῆς
322 1286 361 1343 ἔτι
375 1283 507 1359 πατρίδος
520 1281 720 1360 ναυμαχήσεις·
743 1282 812 1341 κατά
826 1282 881 1362 γάρ
894 1281 977 1346 πόλις

177 1374 290 1433 ἔκαστοι
317 1373 475 1450 τρέψονται·
512 1371 557 1430 καὶ
584 1370 648 1430 οὔτε
675 1372 768 1446 σφέας
800 1369 977 1446 Εὐρυβιάδης

176 1463 302 1540 κατέχειν
321 1461 468 1535 δυνήσεται
484 1458 547 1520 οὔτε
564 1486 607 1522 τις
625 1458 775 1536 ἀνθρώπων
793 1457 889 1528 ἄλλος,
905 1461 977 1519 ὥστε

176 1548 209 1609 οὐ
225 1549 265 1626 μῆ
283 1549 519 1623 διασκεδασθῆναι
537 1547 589 1624 τῆν
609 1547 753 1624 στρατιήν·
778 1546 930 1606 ἀπολέεταί
945 1573 977 1606 τε

177 1637 196 1714 ῆ
213 1637 319 1700 Ἑλλάς
337 1636 503 1714 ἀβουλίῃσι.
545 1635 610 1696 ἀλλ’
629 1636 653 1695 εἴ
669 1661 711 1698 τις
727 1637 789 1694 ἐστὶ
802 1635 923 1714 μηχανῆ,
938 1637 977 1695 ἶθι

179 1728 225 1785 καὶ
248 1729 332 1803 πειρῶ
353 1725 460 1802 διαχέαι
480 1725 516 1784 τά
536 1725 759 1800 βεβουλευμένα,
781 1723 815 1798 ῆν
839 1750 890 1787 κως
910 1723 977 1803 δύνη

176 1813 335 1896 ἀναγνῶσαι
365 1812 543 1889 Εὐρυβιάδεα
574 1810 869 1888 μεταβουλεύσασθαι,
905 1811 978 1872 ὥστε

128 1906 167 1962 58
177 1903 262 1962 αὐτοῦ
275 1901 406 1980 μενέειν.”
448 1900 547 1978 Κάρτα
561 1900 595 1976 δῆ
608 1905 646 1978 τῷ
660 1901 850 1977 Θεμιστοκλέῖ
861 1899 978 1977 ῆρεσεῆ

177 1989 314 2068 ὑποθήκη·
344 1992 389 2049 καὶ
413 1987 491 2050 οὗδέν
511 1987 583 2065 πρός
605 1990 694 2048 ταῦτα
717 1987 912 2067 ἀμειψάμενος,
934 1987 979 2064 ῆῖε

177 2081 222 2138 ἐπὶ
242 2079 294 2155 τῆν
316 2083 369 2154 νῆα
390 2077 443 2154 τῆν
463 2076 652 2154 Εὐρυβιάδεω·
682 2075 848 2153 ἀπικόμενος
875 2077 904 2135 δὲ
923 2078 979 2153 ἔφη

180 2168 272 2228 θέλειν
289 2169 315 2226 οἶ
333 2165 424 2226 κοινόν
441 2192 469 2226 τι
487 2170 605 2246 πρῆγμα
619 2165 765 2241 συμμίξαι·
787 2163 841 2224 ὁδ’
854 2163 939 2224 αὐτόν
951 2171 980 2228 ἐς

175 2255 228 2331 τῆν
242 2259 294 2329 νῆα
308 2256 418 2312 ἐκέλευε
428 2254 557 2329 ἐσβάντα
570 2254 662 2333 λέγειν
676 2253 741 2312 εἴτι
755 2254 839 2312 θέλει·
860 2254 980 2313 ἐνθαῦτα

177 2343 193 2403 ὁ
214 2343 423 2419 Θεμιστοκλέης
439 2341 624 2418 παριζόμενός
645 2345 671 2399 οἶ
691 2344 838 2422 ’καταλέγει
855 2341 931 2400 κεῖνά
948 2367 981 2402 τε

177 2430 268 2490 πάντα
288 2430 322 2489 τά
343 2429 447 2506 ῆκουσε
469 2430 665 2505 Μνησιφίλου,
688 2433 788 2489 ἑωυτοῦ
809 2428 978 2505 ποιεόμενος,

179 2519 224 2578 καὶ
237 2517 314 2578 ἅλλα
332 2517 429 2578 πολλά
444 2518 615 2594 προστιθείς·
637 2523 664 2579 ἐς
678 2516 694 2577 ὃ
708 2517 848 2598 ἀνέγνωσε
861 2518 982 2596 χρηΐζων

178 2609 207 2666 ἐκ
220 2634 250 2667 τε
263 2611 313 2684 τῆς
326 2607 391 2684 νηός
404 2608 523 2682 ἐκβῆναι
537 2606 675 2674 συλλέξαι
687 2631 717 2666 τε
731 2605 795 2669 τούς
805 2604 983 2686 στρατηγοῶς

130 2701 167 2756 59
179 2702 206 2759 ἐς
223 2696 256 2755 τό
275 2695 428 2772 συνέδριον.
469 2694 518 2756 Ὡς
532 2693 562 2753 δὲ
575 2693 628 2770 ἀρα
642 2694 864 2773 συνελέχθησαν,
879 2695 945 2770 πρὶν
963 2693 983 2770 ἢ

178 2785 227 2844 τόν
251 2783 427 2860 Εὐρυβιάδεα
449 2783 593 2859 προθεῖναι
620 2781 669 2841 τόν
688 2781 784 2863 ’λόγον
810 2785 864 2841 τῶν
892 2782 984 2840 εἵνεκα

178 2872 320 2953 συνήγαγε
330 2873 394 2934 τούς
408 2870 591 2951 στρατηγοῶς,
602 2870 692 2933 πολῶς
701 2869 736 2946 ἦν
746 2869 762 2929 ό
773 2870 984 2946 Θεμιστοκλέης

179 2966 208 3020 ἐν
226 2964 303 3020 τοῖσι
323 2959 445 3040 λόγοισι,
460 2959 505 3017 οἷα
524 2958 612 3034 κάρτα
632 2957 770 3034 δεόμενος·
799 2959 933 3038 λέγοντος
954 2959 985 3018 δέ

178 3047 271 3116 αὐτοῦ,
285 3046 301 3106 ὁ
316 3047 463 3122 Κορίνθιος
474 3045 632 3125 στρατηγός
641 3044 821 3120 Ἀδείμαντος
834 3045 850 3106 ό
863 3044 985 3107 Ὠκύτου

179 3134 247 3192 εἶπε·
280 3133 328 3192 “ῶ
346 3133 558 3208 Θεμιστόκλεες,
578 3139 606 3192 ἐν
624 3137 701 3193 τοῖσι
720 3134 812 3216 ἀγῶσι
826 3139 853 3194 οἱ
866 3137 985 3212 προεξα-

181 3220 341 3295 νιστάμενοι
355 3219 541 3295 ραπίζονται·”
563 3219 578 3278 ό
593 3221 622 3278 δέ
636 3220 829 3298 ἀπολυόμενος
843 3224 908 3299 ἔφη·
931 3235 948 3258 “
958 3229 985 3283 οἱ

131 3307 169 3362 60
179 3306 209 3362 δέ
231 3331 264 3383 γε
292 3304 556 3383 ἐγκαταλειπόμενοι
583 3306 615 3364 οὐ
642 3309 871 3382 στεφανεῦνται.”
913 3311 986 3372 Τότε
