2250 3552
542 49 554 70 r
568 19 611 72 Q.

165 126 212 176 ιιι
478 125 660 176 mmor
903 129 966 193 [lx

165 205 213 264 σοὶ
241 203 330 266 ἐόντες
354 203 419 276 οἶδε,
446 201 465 280 ἦ
487 205 539 280 μὲν
566 204 687 281 Σαμίους
712 204 780 281 ἡμῖν
808 207 969 285 προθύμους

118 294 282 354 92ἐσεσθαι
310 289 501 371 ουμμάχους.”
541 291 635 352 Ταῦτά
655 319 686 352 τε
706 291 765 369 ἅμα
785 292 901 376 ήγόρεοε
921 298 970 356 καὶ

165 382 197 441 τό
216 382 297 460 ἔργον
317 383 455 460 προσῆγε·
476 379 574 440 αὐτίκα
587 379 642 461 γὰρ
662 383 688 440 οἶ
706 380 808 458 Σάμιοι
825 383 923 445 πίστιν
937 410 970 446 τε

166 471 212 528 καὶ
241 467 321 546 ὅρκια
352 472 494 528 ἐποιεῦντο
526 469 689 547 συμμαχίης
715 469 779 545 πέρι
808 470 878 548 πρός
903 472 970 537 τούς

160 557 314 633 Ἕλληνας·
341 559 430 617 ταῦτα
450 557 479 616 δέ
500 557 675 633 ποιήσαντες,
698 561 725 617 οἱ
744 562 796 634 μέν
817 559 969 622 ἀπέπλεον·

165 644 236 723 μετά
249 645 345 721 σφέων
358 642 414 725 γάρ
429 646 538 704 ἐκέλευε
555 645 651 706 πλέειν
666 645 717 706 τόν
729 646 969 726 Ἡγησίστρατον,

166 733 262 794 οἶωνόν
281 732 315 793 τὰ
336 731 441 810 οὔνομα
461 732 631 809 ποιεύμενος·
660 737 686 792 οἶ
707 734 736 793 δέ
751 733 891 810 Ἕλληνες
912 741 970 796 ἐτι·

166 821 285 901 σχόντες
297 820 400 897 ταύτην
415 820 467 896 τήν
483 821 645 900 ήμέρην,τῇ
665 821 798 901 ύστεραίῃ
813 827 970 902 ἐκαλλιερέ-

167 937 240 980 οντο,
274 909 477 986 μαντευομένου
503 916 560 984 σφι
590 910 734 986 Δηῖφόνου
759 915 811 970 τοῦ
840 912 969 988 Εὐηνίου,

167 997 266 1076 άνδρός
285 995 524 1073 Ἀπολλωνιήτεω,
551 997 744 1074 Ἀπολλωνίης
764 999 794 1058 δέ
813 1003 863 1076 τῆς
884 1005 912 1060 ἐν
931 1004 971 1080 τῷ

166 1085 254 1167 Ἰονίῳ
281 1087 385 1166 κόλπῳ·
416 1090 466 1145 τοῦ
492 1085 542 1146 τόν
561 1087 668 1163 πατέρα
689 1087 831 1163 κατέλαβε
851 1088 971 1165 Εύήνιον

120 1177 158 1234 93
168 1180 286 1257 πρῆγμα
298 1173 413 1235 τοιόνδε·
429 1173 516 1235 Ἔστι
532 1179 561 1234 ἐν
577 1178 614 1253 τῇ
629 1173 809 1253 Ἀπολλωνίῃ
822 1175 909 1254 ταύτῃ
923 1177 970 1253 ἱρά

167 1263 250 1339 ήλίου
269 1264 409 1342 πρόβατα,
426 1263 462 1321 τά
479 1261 530 1327 τὰς
545 1265 596 1340 μὲν
615 1262 719 1340 η’μέρας
737 1262 876 1340 βόσκεται
893 1263 970 1341 παρὰ

167 1352 303 1430 ποταμόν,
318 1351 348 1415 ὃς
362 1357 392 1410 ἐκ
402 1349 555 1427 Αάκμωνας
569 1349 662 1427 οὔρεος
675 1353 731 1428 ῥέει
745 1350 789 1410 διά
803 1354 853 1426 τῆς
865 1348 970 1411 Ἀπολ-

168 1440 268 1517 λωνίης
289 1440 380 1518 χώρης
402 1444 429 1502 ἐς
453 1437 613 1507 θάλασσαν,
637 1437 702 1514 παρ’
722 1438 838 1515 Ὤρικον
859 1440 970 1516 λιμένα·

167 1527 217 1590 τάς
235 1527 264 1586 δέ
282 1526 381 1590 νύκτας
398 1525 577 1603 ἀραιρημένοι
593 1525 689 1603 ἄνδρες
707 1529 733 1586 οἶ
750 1526 864 1606 πλούτῳ
879 1528 970 1586 τεκαὶ

167 1616 241 1694 γένεϊ
267 1613 449 1691 δοκιμάντατοι
474 1617 528 1674 τῶν
554 1613 656 1687 άστῶν,
680 1612 756 1674 οὗτοι
783 1614 970 1690 φυλάσσουσι

169 1703 292 1764 ἐνιαυτόν
314 1704 439 1766 ἕκαστος·
474 1703 538 1780 περὶ
559 1706 671 1762 πολλοῦ
692 1702 747 1784 γάρ
770 1703 805 1780 δή
829 1706 970 1764 ποιεῦνται

167 1791 393 1867 Ἀπολλωνιῆται
412 1790 448 1852 τά
468 1790 602 1867 πρόβατα
627 1795 723 1864 ταῦτα,
747 1796 777 1850 ἐκ
801 1792 971 1868 θεοπροπίου

167 1882 250 1944 τινός·
272 1885 301 1941 ἐν
314 1881 344 1940 δὲ
360 1879 449 1958 ἄντρῳ
468 1877 635 1949 αύλίζονται,
649 1877 706 1938 α’πύ
719 1882 769 1954 τῆς
783 1879 883 1942 πόλιος
897 1879 969 1944 ἐκάς·

169 1970 234 2029 ἔνθα
247 1970 280 2046 δή
294 1969 357 2030 τότε
367 1968 384 2029 ὁ
393 1967 511 2043 Εὐήνιος
524 1964 604 2030 οὗτος
614 1966 797 2045 ἀραιρημένος
811 1967 969 2042 ἐφύλασσε·

168 2059 218 2116 καί
244 2083 308 2117 κοτε
337 2055 421 2116 αύτοῦ
454 2053 713 2131 κατακοιμήσαντος
745 2055 797 2132 τήν
830 2057 969 2133 φυλακήν,

168 2145 356 2222 παρελθόντες
382 2145 463 2204 λύκοι
490 2147 518 2207 ἐς
544 2143 576 2202 τό
604 2142 704 2220 ἄντρον
731 2145 891 2221 διέφθειραν
915 2149 971 2205 τῶν

167 2233 319 2310 προβάτων
340 2231 375 2295 ὥς
395 2231 538 2308 ἐξήκοντα·
559 2231 575 2292 ὁ
593 2232 623 2292 δέ
643 2232 678 2296 οἷς
697 2233 803 2308 ἐπήῖσε,
823 2233 880 2311 εἶχε
900 2239 971 2313 σιγῇ

168 2322 214 2380 καὶ
240 2321 342 2398 ἔφραζε
366 2319 463 2390 ούδενὶ,
488 2325 516 2380 ἐν
543 2319 597 2400 νόῳ
624 2322 694 2400 ἔχων
721 2320 971 2397 ἀντικαταστήσειν

168 2408 245 2469 ἄλλα
258 2409 418 2486 πριάμενος·
441 2408 487 2466 καὶ
501 2407 601 2489 οὐγὰρ
619 2410 703 2469 ἔλαθε
721 2409 786 2472 τούς
798 2407 969 2468 Ἀπολλωνι-

167 2497 236 2574 ήτας
247 2499 335 2558 ταῦτα
347 2496 490 2576 γενόμενα,
504 2495 570 2554 ἀλλ’
581 2496 616 2559 οἷς
627 2497 770 2567 ἐπύθοντο,
780 2496 971 2578 ὑπαγαγόντες

169 2611 218 2663 μιν
241 2584 295 2646 ύπὸ
318 2585 497 2661 δικαστήριον
519 2585 688 2662 κατέκριναν,
711 2585 746 2648 ὥς
767 2584 819 2661 τήν
841 2585 971 2661 φυλακήν

169 2674 422 2750 κατακοιμήσαντα,
440 2678 489 2749 τῆς
509 2671 589 2750 ὄψιος
610 2664 789 2750 στερηθῆναι·
811 2674 872 2733 ἐπεί
889 2698 920 2732 τε
942 2673 971 2732 δέ

169 2761 218 2822 τόν
238 2762 357 2839 Εύήνιον
376 2760 582 2838 ἐξετύφλωσαν,
597 2759 695 2820 αὐτίκα
712 2759 785 2837 μετά
800 2765 887 2821 ταῦτα
908 2758 972 2820 ὥτε

169 2849 302 2928 πρόβατά
320 2856 376 2925 σφι
394 2851 481 2909 ἔτικτε
500 2847 563 2910 οὔτε
580 2875 617 2929 γη
637 2852 717 2925 ἔφερε
736 2849 837 2926 ὁμοίως
855 2847 971 2924 καρπόν·

169 2938 318 3014 πρόφαντα
339 2938 370 2996 δέ
389 2944 445 3008 σφι
471 2938 498 2996 ἐν
517 2962 548 2996 τε
570 2936 689 3015 Δωδώνῃ
710 2938 756 2995 καὶ
777 2942 806 2997 ἐν
827 2939 973 3011 Δελφοῖσι

170 3025 283 3104 ἐγίνετο,
300 3024 362 3084 ἐπεί
372 3049 403 3083 τε
417 3021 578 3100 ἐπειρύτευν
593 3023 658 3086 τούς
675 3025 823 3101 προφήτας
836 3023 869 3083 τό
883 3024 973 3084 αἴτιον

168 3115 218 3168 τοῦ
241 3111 394 3187 παρεόντος
417 3114 510 3179 κακοῦ,
536 3113 562 3169 οἱ
586 3109 616 3169 δέ
639 3110 750 3170 αύτοῖσι
775 3111 904 3186 ἔφραζον,
929 3110 974 3172 ὅτι

169 3194 267 3258 α’δίκως
279 3196 329 3256 ’τόν
342 3197 471 3272 φύλακον
480 3201 536 3256 τῶν
550 3200 615 3274 ἱρῶν
628 3198 779 3274 προβάτων
789 3197 909 3274 Εύήνιον
922 3203 974 3275 τῆς

170 3278 249 3356 ὄψιος
263 3284 428 3358 ἐστέρησαν·
448 3282 528 3344 αύτοὶ
541 3285 596 3363 γὰρ
611 3289 770 3362 ἐπορμῆσαι
783 3284 848 3349 τούς
861 3285 972 3349 λύκους·
