2258 3568
183 139 214 186 τι
495 133 679 183 ἰιιοκοτοτ
901 201 905 208 1
938 128 986 196 [ν.

181 219 208 277 ές
228 214 364 294 διώρυχας
380 213 513 290 έξῆκοντα
528 213 573 271 καὶ
585 214 754 290 τριηκοσίας.
798 217 828 272 έκ
845 212 874 271 δὲ
887 211 988 287 ταύτης

180 307 230 378 τῆς
254 302 401 380 Ἀρμενίης
429 301 605 378 ε’σβάλλοντι
632 307 659 364 ές
684 301 736 377 τὴν
758 298 904 376 Ματιηνὴν
924 305 987 380 γῆν,

181 393 307 468 σταθμοί
318 395 374 450 εἰσι
384 391 526 466 τέσσερες.
556 395 587 448 έκ
600 389 629 448 δὲ
642 389 744 462 ταύτης
753 395 779 452 ές
792 387 844 464 τήν
859 388 986 464 Κισσίην

180 480 274 558 χιόρην
295 479 503 555 μεταβαίνοντι,
526 479 622 537 ἕνδεκα
646 479 778 554 σταθμοὶ,
803 475 988 558 παρασάγγαι

180 567 209 626 δὲ
223 564 274 630 δύο
287 568 332 626 καὶ
345 567 553 643 τεσσεράκοντα
567 567 613 625 καὶ
626 564 715 644 ἥμισύ
727 572 788 625 ε’στι
802 566 847 624 ε’πὶ
858 565 988 642 ποταμόν

181 654 329 732 Χοάσπην,
352 655 433 715 ε’όντα
461 656 506 714 καὶ
529 659 628 716 τοῦτον
653 657 867 732 νηυσιπέρητον·
899 653 941 712 ἐπ’
966 651 987 734 ᾧ
1116 674 1117 742 γ

181 745 279 807 Σοῦσα
292 744 375 807 πόλις
391 743 573 803 πεπόλισται.
616 741 692 804 οὗτοι
706 747 733 803 οἱ
746 743 847 805 πάντες
861 744 989 819 σταθμοί

181 837 237 891 εἰσι
251 833 346 892 ἕνδεκα
357 833 403 890 καὶ
417 831 524 892 ἑκατόν.
554 833 713 914 καταγωγαὶ
725 834 778 907 μέν
792 859 839 891 νυν
850 834 987 908 σταθμῶν

132 923 171 980 53
181 923 321 980 τοσαῦταί
329 925 384 980 εἶσι
398 925 428 978 ἐκ
444 921 567 997 Σαρδίων
581 926 608 984 ές
623 923 721 985 Σοῦσα
732 919 921 996 ἀναβαίνοντι.
951 926 987 982 Εἰ

180 1009 210 1068 δὲ
226 1009 313 1086 ὀρθῶς
329 1010 500 1086 μεμέτρηται
518 1008 537 1084 ἦ
557 1009 620 1072 ὁδός
640 1008 659 1084 ἦ
679 1009 822 1085 βασιληίη
838 1011 915 1067 τοῖσι
933 1034 985 1066 πα-

180 1098 352 1181 ρασάγγῃσι,
382 1099 426 1156 καὶ
454 1097 470 1157 ὁ
495 1097 683 1178 παρασάγγης
703 1097 817 1156 δύναται
836 1097 986 1173 τριήκοντα

180 1188 290 1256 στάδια,
309 1187 403 1264 ῶσπερ
421 1184 501 1248 οὗτός
518 1213 552 1266 γε
573 1185 686 1245 δύναται
703 1189 799 1255 ταῦτα,
815 1190 845 1243 ε’κ
862 1185 987 1262 Σαρδίων

183 1275 284 1335 στάδιά
299 1282 361 1334 ε’στι
374 1281 402 1337 ἐς
414 1274 450 1333 τά
463 1275 607 1349 βασιλήϊα
620 1273 655 1332 τά
669 1273 816 1350 Μεμνόνια
830 1272 987 1347 καλεόμενα

180 1363 351 1422 πεντακόσια
371 1363 416 1420 καὶ
434 1363 582 1440 τρισχίλια
600 1363 646 1420 καὶ
666 1361 759 1438 μύρια,
779 1363 986 1442 παρασαγγέων

181 1450 280 1510 ε’όντων
298 1450 470 1526 πεντήκοντα
488 1451 533 1508 καὶ
551 1452 747 1527 τετρακοσίων·
768 1449 939 1525 πεντήκοντα
957 1452 987 1511 δέ

181 1539 227 1596 καὶ
241 1539 338 1598 ἑκατόν
351 1539 453 1598 στάδια
467 1537 508 1597 ἐπ’
522 1538 612 1618 ἡμέρῃ
626 1538 731 1617 ἑκάστῃ
748 1539 890 1609 διεξιοῦσι,
910 1539 986 1598 α’ναι-

133 1630 171 1686 54
181 1631 330 1702 σιμοῦνται
357 1627 459 1704 ἡμέραι
486 1628 589 1704 α’παρτὶ
614 1626 799 1702 ἐννενήκοντα.
843 1619 924 1686 offro>
947 1630 986 1708 τῷ

180 1717 316 1794 Μιλησίῳ
328 1715 527 1797 Ἀρισταγόρῃ,
544 1717 652 1776 εἴπαντι
668 1717 738 1793 πρός
755 1717 918 1794 Κλεομένεα
936 1717 987 1778 τάν

182 1804 403 1880 λακεδαιμόνιον
426 1805 495 1864 εἶναι
519 1809 601 1882 τριῶν
627 1809 720 1882 μηνῶν
741 1805 794 1880 την
815 1804 914 1864 ἄνοδον
934 1805 986 1882 την

181 1893 258 1970 παρά
269 1896 405 1969 βασιλέα,
417 1894 506 1971 ὀρθῶς
520 1895 621 1972 εἴρητο.
652 1899 675 1953 εί
688 1895 719 1952 δέ
731 1921 772 1956 τις
780 1894 813 1953 τό
824 1893 986 1972 ἀτρεκέστε-

180 2007 231 2058 ρον
244 1981 348 2042 τούτων
364 1985 403 2042 ἔτι
417 1982 532 2058 δίζηται,
548 1983 601 2063 ε’γῶ
619 1985 664 2041 καὶ
677 1986 761 2041 τοῦτο
779 1983 919 2059 σημανέω·
934 1983 987 2059 την

181 2071 236 2151 γάρ
251 2071 281 2140 ἐξ
293 2070 421 2147 Ἐφέσου
438 2075 465 2133 ές
483 2070 584 2147 Σάρδις
598 2070 663 2130 ὁδόν
678 2071 719 2129 δεῖ
731 2071 986 2151 προσλογίσασθαι

181 2159 277 2237 ταύτῃ·
320 2160 366 2216 καὶ
394 2158 428 2234 δή
454 2161 527 2238 λέγω
555 2159 685 2221 σταδίους
707 2159 775 2217 εἶναι.
795 2158 859 2220 τούς
880 2159 986 2224 πάντας

181 2246 238 2306 ἅπό
253 2246 403 2322 θαλάσσης
416 2251 467 2321 τῆς
479 2246 648 2322 Ἑλληνικῆς
658 2248 742 2323 μέχρι
754 2247 878 2316 Σούσων,
890 2248 986 2327 (τοῦτο

180 2335 237 2416 γάρ
259 2334 419 2410 Μεμνόνιον
440 2333 512 2394 άστυ
534 2334 684 2414 καλέεται,)
708 2335 918 2411 τεσσεράκοντα
939 2341 985 2398 καὶ

182 2423 423 2500 τετρακισχιλίους
442 2424 488 2481 καὶ
507 2424 629 2499 μυρίους·
652 2426 678 2481 οἶ
696 2423 752 2503 γάρ
772 2425 802 2492 ἐξ
814 2423 940 2501 Ἐφέσου
959 2433 985 2488 ἐς

182 2504 283 2579 Σάρδις
300 2503 354 2562 εἶσὶ
371 2504 581 2580 τεσσεράκοντα
597 2505 643 2562 καὶ
661 2504 842 2565 πεντακόσιοι
864 2507 985 2566 στάδιοι·

183 2594 227 2650 καὶ
241 2591 312 2651 οὕτω
324 2593 401 2670 τρισὶ
414 2593 537 2672 ἡμέρῃσι
550 2592 700 2668 μηκύνεται
713 2593 732 2668 ἦ
745 2595 877 2672 τρίμηνος
890 2595 962 2658 όδός.

134 2684 172 2739 55
220 2681 460 2758 Ἀπελαυνόμενος
478 2683 507 2741 δὲ
521 2681 537 2741 ό
553 2682 757 2763 Ἀρισταγόρης
776 2688 805 2740 ἐκ
825 2687 875 2758 τῆς
892 2683 985 2759 Σπάρ-

181 2795 238 2844 της,
262 2767 304 2844 ἧῖε
328 2774 354 2832 ε’ς
376 2771 426 2833 τοὶς
449 2769 569 2845 Ἀθήνας
596 2771 747 2851 γενομένας
767 2771 906 2846 τυράννων
934 2770 986 2831 ὦδε

183 2858 337 2933 ἐλευθέρας·
353 2859 411 2916 ε’πεὶ
416 2857 575 2938 Ἵππαρχον
585 2858 634 2918 τόν
645 2859 863 2936 Πεισιστράτου,
873 2858 986 2918 Ἱππίεω

181 2945 210 3003 δὲ
223 2949 274 3004 τοῦ
287 2945 421 3022 τυράννου
441 2946 591 3023 ἀδελφεόν,
607 2948 700 3008 ἰδόντα
720 2947 785 3026 ὄψιν
806 2949 933 3008 ε’νυπνίου
948 2951 986 3026 τῷ

182 3037 282 3092 ἑωυτοῦ
293 3035 376 3094 πάθεϊ
390 3035 604 3116 ἐναργεστάτην,
621 3038 758 3095 κτείνουσι
770 3037 986 3118 Ἀριστογείτων

184 3121 230 3180 καὶ
247 3120 403 3197 Ἁρμόδιος,
416 3125 496 3204 γένος
515 3121 604 3185 ε’όντες
621 3123 655 3182 τά
673 3123 805 3184 α’νέκαθεν
826 3129 986 3202 Γεφυραῖοι,

180 3209 252 3285 μετά
265 3213 353 3268 ταῦτα
364 3210 572 3287 ἐτυραννεύοντο
582 3209 726 3287 Ἀθηναῖοι
738 3213 779 3270 ἐπ’
791 3215 852 3273 ἔτεα
862 3215 987 3290 τέσσερα

133 3300 171 3359 56
184 3296 263 3357 οὐδὲν
276 3295 379 3373 ἦσσον,
394 3296 471 3356 άλλά
482 3300 528 3357 καὶ
541 3303 663 3375 μᾶλλον,
677 3298 696 3376 ἢ
710 3301 765 3378 πρό
778 3306 838 3360 τοῦ.
876 3301 913 3360 Ἡ
934 3303 987 3378 μέν
