2276 3554
179 129 227 182 ιιι
470 127 653 178 Ἠνοιοτοο
890 125 977 190 ινα.

178 215 261 284 νειοῦ,
283 208 329 268 καὶ
348 207 509 277 Ἀπιδανοῦ,
530 209 575 266 καὶ
594 205 760 287 Ὀνοχώνου,
780 208 825 266 καὶ
844 205 979 278 Ἐνιπέος,

178 298 224 357 καὶ
239 299 381 374 Παμίσου,
397 301 423 356 οἶ
435 298 488 374 μέν
503 323 550 357 νυν
567 302 594 360 ἒς
610 295 642 356 τύ
662 295 757 356 πεδίον
774 299 859 355 τοῦτο
875 300 979 356 συλλε-

178 385 293 466 γόμενοι
307 390 336 444 ἐκ
349 390 404 444 τῶν
417 385 519 462 ούρέων
533 389 589 445 τῶν
604 383 821 462 περικληῖόντων
837 382 889 460 τὴν
906 391 979 444 Θεσ·

179 474 284 549 σαλίην
301 471 525 550 ούνομαζόμενοι,
542 472 575 532 δι’
592 473 651 536 ένός
669 472 800 543 αὐλῶνος,
815 473 861 531 καὶ
879 471 980 532 τούτου

178 565 298 631 στεινοῦ,
313 564 409 639 ἔκροον
422 563 518 640 έχουσι
532 567 559 624 ἐς
572 560 733 631 θάλασσαν,
747 561 979 640 προσυμμίσγον·

177 674 223 712 τες
235 649 268 709 τό
286 649 357 726 ύδωρ
370 649 470 713 πάντες
484 655 510 712 ἐς
522 649 621 710 τώυτό·
643 649 727 708 ε’πεάν
740 649 770 708 δὲ
783 648 979 727 συμμιχθέωσι

178 737 309 817 τάχιστα,
324 740 448 798 ἐνθεῦτεν
461 737 514 814 ἤδη
528 737 544 797 ὁ
558 737 677 814 Πηνειός
689 740 728 816 τῷ
744 735 875 812 οὐνόματι
895 762 979 795 κατα-

179 835 306 908 κρατέων,
321 833 477 910 ἀνωνύμους
489 833 552 896 τοῦς
564 831 670 896 ἄλλους
683 833 752 892 εἶναι
766 833 859 891 ποιέει
901 831 935 892 τι)
949 832 981 893 δὲ

178 921 302 982 παλαιῶν
323 923 443 1002 λέγεται,
468 920 517 981 ούκ
540 920 632 984 ἐόντος
654 947 692 980 κω
713 925 763 980 τοῦ
785 919 908 984 αύλῶνος
932 923 979 981 καὶ

180 1009 305 1087 διεκρόου
324 1010 431 1080 τούτου,
452 1010 517 1074 τοῦς
536 1010 679 1086 ποταμοῦς
698 1009 819 1080 τούτους,
842 1009 888 1068 καὶ
908 1011 981 1086 πρίς

178 1102 254 1158 τοῖσι
268 1103 421 1176 ποταμοῖσι
434 1098 560 1158 τούτοισι
573 1097 625 1174 τὴν
638 1097 778 1174 Βοιβηίδα
791 1098 901 1174 λίμνην,
916 1095 980 1158 οῦτε

179 1185 383 1263 ούνομάζεσθαι
402 1186 523 1263 κατάπερ
541 1190 589 1246 νῦν
607 1187 678 1263 ῥέειν
696 1212 727 1245 τε
751 1180 828 1245 οῦδὲν
848 1183 980 1262 ἦσσονῆ

179 1278 240 1333 νῦν·
271 1275 384 1352 ῥέοντας
410 1275 439 1334 δὲ
471 1277 574 1334 ποιέειν
607 1273 660 1350 την
689 1275 853 1350 Θεσσαλίην
882 1278 980 1335 πᾶσαν

177 1362 313 1443 πέλαγος·
336 1363 414 1422 αὐτοὶ
427 1364 479 1438 μέν
492 1389 539 1421 νυν
551 1363 702 1422 Θὲσσαλοί
712 1369 786 1438 φασι
800 1361 979 1422 Ποσειδέωνα

177 1453 297 1525 ποιῆσαι
317 1451 366 1510 τόν
386 1449 497 1510 αύλῶνα
518 1449 552 1509 δι’
572 1448 604 1509 οῦ
622 1451 678 1528 ῥέει
696 1449 712 1510 ὁ
734 1449 860 1526 Πηνειός,
883 1450 979 1510 οἰκότα
1006 1453 1012 1458 ’

179 1539 321 1616 λέγοντες·
350 1538 428 1602 ὅστις
449 1539 505 1619 γὰρ
526 1539 630 1615 νομίζει
651 1538 830 1597 Ποσειδέωνα
853 1537 905 1612 τὴν
924 1543 980 1618 γῆν

179 1625 272 1696 σείειν,
298 1627 344 1685 καὶ
369 1627 405 1686 τά
433 1627 582 1685 διεστεῶτα
607 1626 663 1686 ύπὸ
689 1629 811 1703 σεισμοῦ
836 1629 887 1684 τοῦ
912 1626 979 1686 θεοῦ

178 1712 278 1773 τούτου
296 1715 363 1795 ἔργα
380 1714 456 1786 εἶναι,
474 1715 519 1772 καὶ
539 1713 573 1774 ἂν
594 1719 681 1773 έκεῖνο
703 1714 765 1774 ἰδῶν
786 1715 857 1790 φαίη
874 1719 979 1773 Ποσει-

179 1801 264 1860 δέωνα
285 1807 417 1879 ποιῆσαι·
446 1805 507 1862 ἔστι
528 1801 583 1883 γάρ
605 1806 725 1878 σεισμοῦ
747 1803 836 1883 ἔργον,
859 1801 894 1865 ῶς
916 1804 979 1879 ἐμοὶ

133 1890 190 1947 130
200 1890 330 1965 ἐφαίνετο
358 1891 435 1960 εἶναι,
455 1890 474 1967 ἦ
495 1890 643 1953 διάστασις
663 1895 717 1949 τῶν
738 1889 863 1969 οὐρέων)
892 1894 928 1950 Οἱ
949 1891 979 1952 δὲ

179 1978 384 2058 κατηγεόμενοι,
399 1980 540 2056 εἰρομένου
553 1978 661 2056 ’Ξέρξεω
676 1983 699 2037 εἰ
717 1979 778 2038 ἔστι
796 1976 873 2054 άλλη
886 1979 980 2048 ἔξοδος

179 2069 206 2127 ές
229 2066 381 2126 θάλασσαν
402 2071 440 2146 τῷ
461 2071 579 2146 Πηνειῷ,
605 2066 815 2143 ἐξεπιστάμενοι
836 2065 977 2143 ἀτρεκέως,

178 2152 270 2214 εἶπον·
299 2156 456 2230 ’(βασιλεῦ,
484 2159 600 2234 ποταμιηΑ
626 2155 714 2235 τούτῳ
741 2155 791 2214 ούκ
818 2156 878 2214 ἔστι
902 2154 981 2234 άλλη

179 2240 311 2316 ἐξήλυσις
331 2247 358 2304 ἐς
379 2241 532 2303 θάλασσαν
552 2242 720 2320 κατήκουσα,
740 2242 805 2304 ἀλλ’
825 2242 874 2320 ἥδε
893 2244 979 2321 αύτή·

178 2327 274 2406 οῦρεσι
305 2329 360 2410 γὰρ
395 2330 650 2407 περιεστεφάνωται
685 2336 767 2390 πᾶσα
798 2332 980 2409 Θεσσαλίη·”

179 2416 284 2494 Ξέρξεα
312 2417 341 2476 δὲ
371 2419 484 2498 λέγεται
513 2423 598 2478 εἰπεῖν
627 2419 697 2496 πρός
727 2423 827 2479 ταῦτα·
863 2431 880 2456 “
890 2423 981 2496 σοφοὶ

178 2503 274 2581 ἄνδρες
287 2506 342 2564 εἰσὶ
356 2507 506 2566 Θεσσαλοί
510 2534 517 2548 ·
537 2506 613 2567 ταῦτ’
632 2507 686 2586 ἄρα
706 2509 761 2586 πρό
782 2512 893 2568 πολλοῦ
914 2515 980 2585 ἔφυ-

179 2590 301 2662 λάξαντο
321 2596 570 2674 γνωσιμαχέοντες,
589 2596 634 2654 καὶ
651 2595 746 2656 τᾶλλα
765 2596 810 2655 καὶ
828 2594 871 2656 ὅτι
886 2598 982 2677 χῶρην

177 2680 232 2758 ἄρα
253 2681 329 2760 εἶχον
349 2681 488 2760 εὐαίρετόν
507 2709 538 2742 τε
559 2685 604 2742 καὶ
624 2683 829 2764 ταχυάλωτον.”
855 2685 904 2745 τόν
923 2685 981 2767 γάρ

178 2770 307 2847 ποταμόν
322 2774 440 2852 πρῆγμα
460 2769 494 2831 ἂν
515 2770 550 2844 ἦν
569 2777 673 2849 μοῦνον
693 2775 800 2834 ε’πεῐναί
818 2781 913 2849 σφεων
935 2776 982 2832 ε’πὶ

178 2857 230 2933 την
249 2857 351 2937 χῶρην,
371 2858 481 2938 χύματι
502 2853 533 2918 έκ
556 2865 605 2920 τοῦ
627 2861 751 2925 αύλῶνος
772 2861 981 2938 ἐκβιβάσαντα,

179 2948 225 3004 καὶ
237 2947 454 3024 παρατρέψαντα
467 2947 500 3006 δι’
514 2947 551 3008 ῶν
565 2953 613 3008 νῦν
623 2949 678 3026 ῥέει
688 2952 814 3037 ῥεέθρωη·
829 2949 901 3010 ὥστε
909 2957 983 3010 Θεσ-

178 3035 283 3108 σαλίην
298 3038 395 3092 πᾶσαν
413 3036 462 3103 ἔξω
479 3039 534 3094 τῶν
553 3035 653 3111 ούρέων
669 3037 820 3117 ὑπόβρυχα
838 3038 982 3118 γενέσθαι.

177 3125 266 3179 ταῦτα
280 3121 309 3178 δὲ
322 3121 422 3198 ἔχοντα
443 3123 523 3202 ἔλεγε
539 3127 566 3186 ἒς
585 3123 650 3186 τοῦς
669 3123 791 3185 Ἀλεύεω
803 3126 912 3200 παῖδας,
927 3127 984 3208 (ὅτι

177 3211 283 3282 πρῶτοι
301 3207 455 3284 Ἑλλήνων,
471 3209 560 3273 ε’όντες
574 3214 730 3288 Θεσσαλοὶ,
751 3213 853 3274 ἔδοσαν
867 3215 985 3282 ἔωυτοῦς

170 3295 317 3373 βασιλέι)
336 3295 437 3356 δοκέων
457 3297 472 3356 ὁ
494 3297 598 3373 Ξέρξης
619 3299 675 3360 άπό
695 3302 800 3365 παντός
819 3309 913 3376 σφεας
933 3309 985 3364 τοῦ
