2276 3554
190 149 236 201 172
488 147 670 196 ’ΠΡΟΔΟΤΟΤ
750 205 752 210 Δ
914 148 991 215 [VII.

193 228 354 308 λεγομένης,
374 227 420 286 καὶ
441 225 569 306 κήρυγμα
589 224 891 304 τοιόνδεποιευμένων,
910 229 994 293 εἴτις

193 315 330 392 βούλοιτο
346 314 570 391 Λακεδαιμονίων
585 312 641 390 πρὸ
657 317 708 388 τῆς
724 313 854 389 Σπάρτης
873 313 995 392 ἀποθνή-

193 400 995 480 σκειν,ἳ(περθίηςτεὁἈνηρίστουκαὶΒοῦλιςὺΝικόλεω,

195 489 289 568 ἄνδρες
310 491 490 568 Σπαρτιῆται,
510 489 597 565 φύσει
612 515 643 548 τε
658 487 804 570 γεγονότες
821 487 850 548 εὖ
869 491 915 549 καὶ
928 491 994 570 χρή-

195 605 269 656 μασι
283 577 431 654 ἀνήκοντες
452 582 480 640 ές
500 577 536 637 τὰ
559 579 663 654 πρῶτα,
689 577 832 637 ἐθελονταὶ
854 576 996 640 ὑπέδυσαν

194 665 294 742 ποινήν
316 669 395 726 τῖσαι
416 665 507 744 Ξέρξη
529 669 583 724 τῶν
606 665 726 741 Δαρείου
748 664 872 742 κηρύκων
891 669 947 727 τῶν
967 672 997 729 έν

195 753 310 834 Σπάρτη
330 753 521 830 ἀπολομένων·
549 752 619 813 οὑτω
641 755 813 830 Σπαρτιῆται
829 752 943 817 τούτους
961 755 997 819 ὥς

149 845 204 902 135
215 841 452 918 ἀποθανευμένους
470 847 497 904 ές
516 841 630 916 Μήδους
643 839 821 918 ἀπέπεμψαν.
849 839 926 918 Αὕτη
937 847 997 919 τεή

194 931 288 1006 τόλμα
302 930 406 990 τούτων
421 933 476 989 τῶν
492 927 598 1006 ἀνδρῶν
617 928 745 1004 θώματος
765 927 839 1005 ἀξίη,
864 929 910 988 καὶ
930 931 996 992 τάδε

194 1018 265 1095 πρός
280 1018 406 1078 τούτοισι
424 1018 460 1077 τό
480 1018 555 1076 ἔπεα·
577 1016 758 1094 πορευόμενοι
775 1017 830 1098 γὰρ
848 1022 875 1082 ές
889 1021 995 1090 Σοῦσα,

194 1105 370 1166 ἀπικνέονται
392 1101 469 1183 παρὰ
487 1104 631 1182 Ὑδάρνεα·
653 1105 669 1164 ὑ
692 1105 721 1164 δὲ
736 1104 871 1183 Ὑδάρνης
888 1104 924 1182 ἧν
944 1111 996 1183 μὲν

194 1195 274 1274 γένος
295 1195 417 1272 Πέρσης,
439 1193 597 1274 στρατηγὸς
621 1193 651 1252 δὲ
674 1196 729 1253 τῶν
752 1195 997 1271 παραθαλασσίων

195 1282 344 1360 α’νθριόπων
364 1286 419 1342 τῶν
435 1287 464 1342 έν
479 1287 514 1362 τῇ
529 1281 623 1362 Ἀσίη·
654 1281 684 1344 ὅς
699 1289 799 1357 σφεας,
822 1283 906 1352 ξείνια
928 1310 996 1360 προ-

195 1371 316 1446 θέμενος,
345 1371 444 1430 εἱστία·
479 1370 600 1441 ξεινίζων
623 1370 660 1439 δὲ,
689 1371 776 1447 εἴρετο
804 1371 894 1452 λέγων
919 1372 995 1431 τάδε·

194 1471 211 1494 “
221 1459 316 1536 ἄνδρες
330 1458 552 1536 Λακεδαιμόνιοι,
565 1459 596 1518 τί
607 1457 640 1534 δή
655 1458 773 1540 φεύγετε
783 1460 904 1536 βασιλέϊ
913 1461 997 1535 φίλοι

194 1549 340 1627 γενέσθω
362 1547 444 1624 ὑρᾶτε
457 1547 512 1628 γὰρ
526 1546 562 1610 υίς
575 1548 722 1608 ε’πίσταται
739 1547 878 1622 βασιλεὺς
895 1546 997 1626 ἄνδρας

195 1633 317 1716 α’γαθοὺς
330 1639 421 1713 τιμᾶν,
437 1640 464 1699 ε’ς
478 1636 527 1712 ε’μέ
539 1662 569 1695 τε
584 1636 629 1694 καὶ
642 1635 678 1695 τὰ
691 1635 745 1712 ε’μοὶ
758 1636 909 1716 πρήγματα
927 1635 997 1697 α’πο-

194 1725 360 1800 βλέποντες·
375 1724 445 1784 οὕτω
459 1723 492 1800 δή
508 1724 552 1782 καὶ
565 1723 643 1800 ὑμεῖς
657 1727 680 1783 εἰ
694 1724 785 1800 δοίητε
799 1723 883 1799 ὑμέας
897 1723 998 1790 αὑτοὺς

194 1813 324 1888 βασιλέϊ,
352 1812 505 1883 δεδόξωσθε
528 1813 584 1893 γὰρ
606 1811 676 1888 πρός
698 1811 782 1872 αὑτοῦ
809 1811 904 1884 ἅνδρες
927 1813 998 1874 εἶναι

195 1900 304 1983 α’γαθοὶ,
320 1903 437 1965 ἔκαστος
450 1899 483 1960 ἂν
493 1900 583 1976 ὑμέων
592 1899 675 1978 ἅρχοι
683 1904 736 1982 γῆς
744 1900 890 1969 Ἑλλάδος,
901 1900 998 1966 δόντος

195 1990 359 2065 βασιλέος.”
372 1989 442 2067 πρὺς
451 1993 539 2048 ταῦτα
551 1987 731 2064 ὑπεκρίναντο
741 1987 815 2048 τόδε·
830 1999 847 2024 “
853 1989 998 2067 Ὕδαρνες,

196 2077 246 2136 οὑκ
268 2079 299 2148 ἐξ
318 2081 383 2138 ἴσου
403 2078 509 2158 γίνεται
529 2077 548 2153 ἡ
569 2078 733 2154 συμβουλίη
754 2076 772 2152 ή
793 2082 820 2140 ές
840 2077 928 2154 ήμέας
943 2080 998 2138 τεί·

154 2227 157 2237 ,
196 2191 293 2224 νουσα·
313 2170 364 2225 τοῦ
377 2168 428 2242 μὲν
440 2164 495 2246 γὰρ
508 2166 709 2241 πεπειρημένος
719 2165 932 2241 συμβουλεύεις,
946 2170 998 2226 τοῦ

196 2253 226 2312 δὲ
239 2253 351 2330 ἅπειρος
365 2254 424 2313 ε’ων
445 2253 478 2313 τὺ
491 2255 543 2329 μὲν
555 2253 610 2333 γοὶρ
625 2253 726 2316 δοῦλος
743 2252 811 2312 εἶναι
830 2253 997 2324 ἐξεπίστεαι,

199 2341 355 2417 ἐλευθερίης
368 2341 398 2400 δὲ
411 2339 482 2400 οὑκω
493 2340 646 2418 ἐπειρήθης,
658 2339 714 2400 οὔτ’
729 2345 752 2400 εἰ
766 2342 827 2400 ἔστι
836 2339 925 2422 γλυκὺ
940 2340 998 2402 οὔτ’

199 2433 222 2488 εἰ
234 2428 284 2505 μή·
306 2433 330 2488 εί
341 2429 396 2511 γὰρ
416 2428 500 2505 αὑτῆς
516 2429 674 2506 πειρήσαιο,
691 2427 740 2489 οὑκ
758 2427 792 2488 δν
808 2428 908 2506 δόρασι
924 2455 997 2507 συμ-

197 2515 345 2592 βουλεύοις
371 2517 438 2594 ήμῖν
462 2517 526 2594 περὶ
553 2516 639 2593 αὑτῆς
665 2516 817 2596 μάχεσθαι,
845 2516 922 2576 α’λλά
950 2519 998 2578 καὶ

150 2607 206 2665 136
216 2605 374 2665 πελέκεσι.”
388 2609 482 2665 Ταῦτα
490 2609 541 2681 μὲν
550 2604 684 2682 Ὑδάρνεα
693 2604 856 2684 α’μείψαντο·
872 2607 999 2667 ε’νθεῦτεν

196 2691 226 2750 δὲ
251 2691 287 2756 ιὺς
313 2691 458 2770 α’νέβησαν
480 2698 507 2755 ές
533 2695 631 2756 Σοῦσα
658 2693 704 2751 καὶ
730 2693 852 2770 βασιλέϊ
880 2699 907 2756 ε’ς
931 2693 998 2771 ὄψιν

195 2779 293 2856 ἦλθον,
314 2786 410 2859 πρῶτα
430 2783 481 2858 μὲν
501 2785 556 2840 τῶν
577 2780 737 2858 δορυφόρων
760 2781 926 2840 κελευόντων
950 2784 998 2842 καὶ
1064 2797 1073 2808 ’

196 2867 320 2950 α’νόγκην
342 2876 398 2946 σφι
421 2868 641 2947 προσφερόντων
661 2869 841 2945 προσκυνέειν
866 2871 997 2945 βασιλέα

196 2959 432 3033 προσπίπτοντας,
447 2956 497 3017 οὑκ
517 2959 636 3032 ἔφασαν,
652 2955 800 3034 ὠθεόμενοι
818 2957 889 3034 πρός
906 2956 998 3018 αὑτοῖν

196 3046 241 3104 ἐπὶ
255 3045 390 3122 κεφαλήν,
405 3045 534 3121 ποιήσειν
551 3049 639 3104 ταῦτα
656 3044 773 3122 οὑδαμό·
795 3043 859 3104 οὔτε
871 3044 925 3125 γάρ
940 3052 999 3120 σφι

196 3138 225 3193 έν
251 3133 326 3213 νόμῳ
353 3133 423 3194 εἶναι
449 3133 595 3210 ἄνθρωπον
621 3134 810 3210 προσκυνέειν,
838 3133 902 3194 οὔτε
926 3135 1000 3194 κατὰ

194 3225 282 3280 ταῦτα
291 3221 376 3296 ἥκειν·
391 3221 426 3284 ὥς
436 3221 466 3280 δὲ
476 3219 692 3300 ἀπεμαχέσαντο
705 3225 797 3290 τοῦτο,
813 3220 926 3298 δεὺτερό
940 3228 999 3297 σφι

196 3310 313 3385 λέγουσι
325 3309 390 3369 τόδε
401 3310 447 3370 καὶ
456 3307 545 3390 λόγου
555 3309 663 3369 τοιοῦδε
673 3309 800 3389 ἐχόμενα,
813 3320 830 3344 “
839 3308 860 3368 ὦ
869 3311 1000 3385 βασιλεῦ
