2250 3552
147 169 275 233 ον-ιοο]
460 167 648 218 mamona.
700 171 702 174 ·
902 166 950 219 ιιι

147 252 188 330 τῷ
210 251 329 330 αἰγιαλῷ
349 273 385 307 τα
376 246 534 325 μάλιστα
555 246 774 326 Λευτυχίδης,
757 247 813 307 υπό
834 246 952 324 κήρυκος

147 337 322 419 προηγόρευε
335 340 412 397 τοῖσι
420 335 502 396 Ἴωσι
514 337 614 444 λέγων·
644 347 661 372 “
670 334 790 414 ἄνδρες*
791 334 902 399 Ιωνες
887 361 952 396 οσοι

147 425 239 503 ύμέων
264 425 436 534 τυγχάνουσι
463 424 651 494 ἐπακούοντες,
675 425 779 502 μάθετε
805 449 841 484 τα
867 425 951 506 λέγω·

147 513 258 576 πάντως
270 513 325 595 γάρ
345 512 423 572 οὐδὲν
441 511 602 590 συνήσουσι
617 513 728 589 Πέρσαι
746 518 800 572 τῶν
817 511 871 594 ε’γω
887 512 952 590 ύμῖν

148 602 326 678 ἐντέλλομαι·
361 599 444 661 έπεάν
471 601 684 682 συμμίσγωμεν,
704 603 870 678 μεμνῆσθαί
889 627 952 662 τινα

147 689 204 767 χρή
226 690 383 766 ἐλευθερίης
405 691 458 767 μέν
480 688 591 749 πάντων
613 692 732 767 πρῶτον,
752 689 824 766 μετά
844 690 881 762 δὲ,
901 695 953 750 τοῦ

149 777 329 853 συνθήματος
336 777 444 854 Ἥβης·
466 778 513 836 καὶ
525 777 591 837 τάδε
604 777 674 837 ἴστω
689 778 735 836 καὶ
750 776 767 837 ό
781 777 822 855 μή
836 778 952 838 ε’σακού-

148 889 204 928 σας
231 865 322 942 ύμέων
349 865 419 942 πρός
452 869 502 926 τοῦ
533 864 764 930 ε’πακούσαντος.”
805 865 891 930 ιόύτδς
917 867 951 943 δή

149 949 230 1016 οὗτος
244 953 295 1014 εἰόν
307 953 439 1035 τυγχάνει
452 953 515 1017 νόος
531 957 583 1013 τού
600 953 765 1034 πρήγματος
780 954 827 1014 καὶ
839 954 855 1014 ὁ
868 961 951 1032 Θεμι-

148 1042 286 1105 στοκλέος
306 1041 322 1102 ό
343 1041 385 1101 ἐπ’
405 1041 582 1122 Ἀρτεμισίῳ·
603 1040 622 1118 ἢ
642 1041 698 1122 γάρ
718 1042 752 1118 δή
773 1043 897 1104 λαθόντα
916 1043 952 1103 τά

147 1128 261 1206 ῥήματα
272 1130 337 1194 τούς
350 1129 517 1208 βαρβάρους
530 1130 633 1208 ἔμελλε
648 1129 713 1193 τούς
722 1129 820 1194 Ἴωνας
834 1132 950 1201 πείσειν,

148 1214 167 1292 ἢ
181 1217 276 1277 ἔπειτα
292 1217 485 1298 ἀνενειχθέντα
504 1221 531 1281 ές
547 1217 611 1281 τούς
631 1219 806 1296 βαρβάρους,
823 1219 952 1294 ποιήσειν

148 1303 286 1370 ἀπίστους
299 1305 388 1388 [τοῖσι
395 1304 545 1387 Ἕλλησι]

189 1393 363 1473 Λευτυχίδεω
375 1393 405 1454 δὲ
417 1398 506 1455 ταῦτα
518 1394 697 1471 ὑποθεμένου,
711 1395 825 1473 δεύτερα
838 1395 872 1472 δή
886 1396 952 1456 τάδε
960 1400 999 1458 99

150 1483 259 1542 ε’ποίευν
272 1485 299 1542 οἱ
305 1481 454 1558 Ἕλληνες·
469 1482 643 1562 προσχόντες
655 1481 705 1546 τάς
718 1483 789 1554 νέας,
800 1483 952 1562 α’πέβησαν

150 1574 178 1633 ές
196 1571 246 1631 τόν
267 1570 405 1652 αἰγιαλόν·
440 1571 486 1630 καὶ
506 1569 582 1631 οὗτοι
601 1573 654 1647 μὲν
674 1571 840 1634 ἐτάσσοντο·
875 1578 902 1634 οἱ
922 1575 952 1634 δὲ

150 1660 263 1736 Πέρσαι
281 1659 316 1723 ὥς
333 1657 406 1719 εἶδον
417 1658 482 1724 τούς
496 1657 641 1735 Ἕλληνας
655 1663 952 1739 παρασκευαζομένους

150 1751 178 1810 ἐς
189 1747 292 1827 μάχην,
307 1748 353 1806 καὶ
369 1751 446 1808 τοῖσι
457 1746 538 1807 Ἴωσι
556 1748 786 1825 παραινέσαντας,
800 1754 883 1811 τοῦτο
900 1754 952 1828 μέν

149 1835 355 1912 ὑπονοήσαντες
375 1835 439 1899 τούς
458 1837 579 1913 Σαμίους
598 1835 634 1896 τά
652 1836 797 1912 Ἑλλήνων
815 1840 950 1915 φρονέειν,

149 1922 329 2002 άπαιρέονται
342 1923 378 1983 τά
391 1923 477 1984 ὅπλα·
499 1927 525 1983 οἱ
537 1923 592 2004 γάρ
608 1923 644 1983 ὧν
658 1923 768 2001 Σάμιοι,
779 1926 952 2003 ἀπικομένων

149 2009 303 2088 Ἀθηναίων
324 2011 508 2092 αἰχμαλώτων
530 2017 560 2071 ε’ν
580 2016 649 2091 τῇσι
666 2013 749 2088 νηυσὶ
766 2017 821 2073 τῶν
838 2015 951 2092 βαρβά-

149 2125 212 2176 ρων,
226 2098 291 2163 τούς
304 2099 411 2177 ἔλαβον
426 2098 479 2160 άνά
495 2099 547 2175 τήν
564 2099 694 2175 Ἀττικήν
713 2102 911 2178 λελειμμένους
925 2105 951 2162 οἱ

150 2187 266 2265 Ξέρξεω,
297 2188 410 2252 τούτους
437 2187 592 2265 λυσάμενοι
618 2188 724 2252 πάντας
751 2187 951 2266 ἀποπέμπουσι

150 2275 347 2340 ἐποδιάσαντες
360 2281 388 2340 ές
400 2275 449 2340 τάς
461 2275 589 2352 Ἀθήνας·
604 2280 659 2335 τῶν
673 2277 773 2337 εἵνεκεν
787 2278 836 2337 ούκ
849 2277 953 2355 ἥκιστα

149 2361 274 2442 ύποψίην
296 2363 380 2442 είχον,
401 2365 586 2426 πεντακοσίας
609 2365 736 2440 κεφαλάς
761 2370 817 2426 τῶν
843 2367 952 2445 Ξέρξεω

149 2453 292 2529 πολεμίων
312 2453 475 2530 λυσάμενοι·
506 2455 590 2512 τοῦτο
610 2452 640 2511 δὲ
659 2451 709 2516 τάς
730 2454 836 2519 διόδους
855 2455 904 2519 τάς
925 2461 952 2520 ές

149 2538 199 2602 τάς
213 2539 337 2616 κορυφάς
352 2545 402 2616 τῆς
420 2539 558 2616 Μυκάλης
571 2541 715 2617 φερούσας
732 2543 953 2618 προστάσσουσι

149 2631 225 2688 τοῖσι
242 2628 415 2704 Μιλησίοισι
432 2628 601 2705 φυλάσσειν,
617 2627 652 2691 ιός
673 2630 886 2707 ἐπισταμένοισι
906 2632 953 2708 δῆ-

150 2715 198 2776 θεν
213 2715 342 2793 μάλιστα
359 2715 412 2793 τήν
429 2717 531 2798 χώρην·
552 2716 661 2775 ε’ποίευν
679 2716 708 2775 δὲ
725 2716 825 2777 τούτου
844 2720 952 2790 εἵνεκεν,

150 2803 195 2863 ἵνα
208 2805 287 2868 ε’κτός
296 2808 347 2864 τοῦ
361 2805 551 2883 στρατοπέδου
566 2805 641 2863 ἔωσι·
655 2803 769 2867 τούτους
781 2808 833 2880 μὲν
845 2805 951 2878 Ἰάνων,

148 2896 225 2953 τοῖσι
239 2894 285 2952 καὶ
298 2893 460 2954 κατεδόκεον
474 2891 595 2972 νεοχμόν
613 2890 647 2952 ἅν
663 2918 691 2951 τι
703 2894 807 2953 ποιέειν
822 2893 953 2973 δυνάμιος

149 2982 393 3059 ἐπιλαβομένοισι,
424 2982 556 3059 τρόποισι
587 2979 740 3040 τοιούτοισι
769 2983 951 3059 προεφυλάσ-

149 3093 236 3130 σοντο
252 3073 279 3129 οἱ
297 3069 418 3147 Πέρσαι·
440 3069 519 3130 αὐτοὶ
540 3069 570 3128 δὲ
590 3067 791 3147 συνεφόρησαν
810 3070 846 3130 τά
866 3073 953 3152 γέρρα

149 3157 228 3235 ἕρκος
242 3157 313 3218 εἶναί
327 3164 390 3235 σφι.

188 3245 238 3310 Ὡς
251 3247 281 3306 δὲ
293 3245 347 3324 ἄρα
360 3244 588 3322 παρεσκευάδατο
601 3248 678 3304 τοῖσι
690 3244 827 3322 Ἕλλησι,
841 3273 929 3323 προσ·
942 3249 999 3308 100

149 3333 235 3410 ήῖσαν
252 3334 322 3412 πρός
339 3333 404 3396 τούς
419 3331 594 3410 βαρβάρους·
620 3336 695 3392 ἰοῦσι
709 3333 739 3393 δέ
754 3340 811 3410 σφι
825 3333 908 3409 φήμη
921 3359 952 3394 τε
