2258 3568
589 21 631 92 λ.

195 163 225 206 οι
508 155 693 204 Ἦνοιονοι·
934 151 999 217 [vl.

193 235 292 315 μάχων
313 234 528 314 μεμουνωμένοι,
550 234 749 298 διεκπλόοντες
773 240 949 313 ἐναυμάχεον,
972 242 1002 300 ἐς

195 323 278 385 ὃτῶν
291 325 433 401 πολεμίων
451 323 562 386 ἑλόντες
575 322 638 386 νέας
651 323 757 401 συχνάς
770 321 919 398 ἀπέβαλον
940 327 1001 386 τῶν

194 413 341 491 σφετέρων
351 417 418 473 νεῶν
428 412 479 476 τάς
491 416 622 475 πλεῦνας.
666 415 733 471 Χῖοι
745 414 797 488 μὲν
810 410 844 486 δή
858 415 925 488 τῇσι
938 416 1002 472 λοι·

148 504 184 562 16
194 505 267 580 πῇσι
279 505 334 561 τῶν
348 505 415 561 νεῶν
425 499 621 581 ἀποφεύγουσι
635 504 663 563 ἐς
672 499 725 574 τήν
735 503 851 558 ἑωυτῶν.
878 499 1002 569 Ὀσοισι

197 588 227 647 δὲ
244 593 299 648 τῶν
313 590 389 648 Χίων
408 587 538 648 α’δόνατοι
556 587 632 664 ἦσαν
647 591 676 646 αἱ
689 587 748 650 νέες
764 586 819 647 όπδ
840 588 1001 674 τρωμάτων,

194 674 273 736 οὗτοι
294 678 331 748 δέ,
355 676 391 740 ὦς
413 675 565 746 ἐδιώκοντο,
586 675 834 756 καταφυγγάνουσι
855 673 926 753 πρός
947 677 1001 753 τήν

195 765 345 842 Μυκάλην.
387 766 450 828 νέας
469 768 521 842 μὲν
541 765 575 840 δή
597 764 682 824 αὐτοῦ
702 763 790 842 ταύτῃ
807 766 1001 830 ἐποκείλαντες

195 854 355 924 κατέλιπον,
376 857 402 913 οἱ
423 854 453 913 δὲ
473 854 543 932 πεζῇ
562 854 722 930 ἐκομίζοντο
741 852 786 912 διά
806 857 856 929 τῆς
872 851 1000 931 ήπείρου.

196 942 256 1000 ἐπεὶ
275 942 305 1000 δὲ
327 943 470 1018 ἐσέβαλον
494 947 521 1004 ἐς
542 942 594 1017 τήν
614 941 752 1017 Ἐφεσίην
776 941 952 1018 κομιζόμενοι
973 945 1001 1002 οἱ

196 1033 270 1104 Χῖοι,
285 1030 382 1094 νυκτός
401 1058 433 1091 τε
453 1031 586 1088 άπικέατο
608 1035 635 1092 ἐς
656 1029 743 1106 αὐτήν
757 1029 803 1088 καὶ
817 1029 915 1089 ἐόντων
930 1034 1000 1110 τῇσι

194 1119 303 1198 γυναιξὶ
325 1119 423 1180 αι’τόθι
445 1119 652 1194 θεσμοφορίων·
674 1119 792 1178 ἐνθαῦτα
813 1118 848 1194 δή
870 1121 896 1176 οἱ
916 1116 1000 1194 Ἐφέ-

192 1231 261 1282 σιοι,
277 1207 341 1267 οὔτε
354 1206 560 1285 προακηκοότες
575 1205 610 1270 ιός
624 1207 682 1286 είχε
695 1206 759 1283 περὶ
772 1209 827 1265 τῶν
839 1207 915 1266 Χίων
929 1207 999 1267 ἰδόν-

193 1320 239 1357 τες
254 1321 285 1354 τε
305 1296 429 1373 στρατόν
449 1300 477 1358 ἐς
496 1294 549 1370 τήν
568 1294 662 1373 χώρην
676 1295 888 1371 ἐσβεβληκότα,
902 1295 1000 1376 πάγχυ

194 1384 288 1456 σφέας
309 1383 509 1453 καταδόξαντες
530 1383 599 1442 εἶναι
621 1388 734 1446 κλῶπας
749 1384 794 1442 καὶ
809 1384 877 1442 ίέναι
892 1384 937 1442 ἐπὶ
949 1385 1000 1448 τὰς

194 1474 334 1549 γυναῖκας,
360 1469 528 1546 ἐξεβοήθεον
554 1471 692 1548 πανδημεὶ
720 1471 765 1530 καὶ
790 1472 908 1530 ἔκτεινον
933 1471 1000 1537 τούς

195 1559 293 1622 Χίους.

149 1647 184 1706 17
238 1645 325 1706 Οὗτοι
350 1647 402 1724 μέν
429 1673 477 1706 νυν
503 1645 651 1726 τοιαύτῃσι
678 1649 859 1722 περιέπιπτον
885 1647 998 1726 τύχῃσι.

196 1735 345 1798 Διονύσιος
367 1735 428 1795 δέὁ
449 1735 576 1798 Φωκαεός
597 1736 659 1795 ἐπεί
674 1761 704 1794 τε
726 1737 811 1810 ἔμαθε
831 1740 885 1794 τῶν
900 1735 1000 1796 Ἰώνων

194 1823 229 1882 τά
256 1823 408 1905 πρήγματα
436 1824 633 1900 διεφθαρμένα,
658 1824 721 1885 νέας
748 1823 819 1882 ἐλών
844 1826 919 1900 τρεῖς
943 1829 999 1885 τῶν

196 1914 339 1989 πολεμίων
354 1911 486 1979 α’πέπλεε,
502 1917 529 1973 ἐς
542 1915 594 1988 μὲν
607 1912 735 1971 Φώκαιαν
756 1911 857 1981 οὐκέτι,
872 1911 902 1970 εὖ
923 1913 1000 1978 εἰδιδς

195 1999 231 2064 ὦς
252 2001 475 2078 ἀνδραποδιεῖται
496 2000 549 2059 σόν
571 2027 604 2079 τη
630 1999 707 2079 άλλη
723 1999 822 2080 Ἰωνίη·
844 1999 860 2060 ό
879 2001 908 2059 δὲ
922 2003 1000 2066 ἰθέως

196 2088 231 2152 ὦς
245 2090 302 2169 εἶχε
317 2091 407 2149 ἐπλωε
418 2094 445 2152 ἐς
458 2090 597 2164 Φοινίκην·
611 2089 733 2169 γαύλους
744 2089 773 2148 δέ
784 2090 903 2149 ἐνθαῦτα
916 2115 1000 2149 κατα·

195 2175 281 2239 δόσας
303 2178 347 2236 καὶ
364 2177 496 2256 χρήματα
517 2177 618 2252 λαβών
638 2177 744 2250 πολλά,
764 2179 854 2236 ἐπλωε
875 2183 902 2239 ἐς
921 2180 999 2241 Σικε-

195 2266 269 2339 λίην·
292 2264 465 2341 όρμεοίμενος
486 2266 514 2323 δέ
536 2266 662 2326 ἐνθεῦτεν
684 2266 804 2342 ληϊστής
823 2266 999 2342 κατεστήκεε,

194 2351 338 2426 Ἑλλήνων
357 2356 409 2428 μὲν
430 2353 547 2422 οὐδενός,
563 2355 763 2432 Καρχηδονίων
779 2355 809 2414 δὲ
831 2356 875 2412 καὶ
889 2361 1000 2431 Τυρση-

184 2429 258 2498 νῶν.

149 2531 186 2588 18
238 2531 275 2586 Οἱ
294 2527 322 2586 δέ
340 2529 452 2605 Πέρσαι
475 2528 536 2587 ἐπεί
555 2554 586 2588 τε
606 2534 642 2608 τῇ
663 2531 802 2608 ναυμαχίη
824 2531 917 2590 ἐνίκων
933 2533 999 2597 τούς

189 2614 295 2686 Ἴωνας,
308 2615 361 2692 τήν
378 2617 509 2692 Μίλητον
531 2619 743 2695 πολιορκέοντες
762 2623 792 2676 ἐκ
809 2623 863 2700 γῆς
883 2620 929 2678 καὶ
951 2621 999 2680 θα-

195 2703 317 2780 λάσσης,
335 2706 380 2762 καὶ
401 2704 611 2781 ὑπορύσσοντες
632 2707 667 2765 τό
683 2712 777 2786 τείχεα
799 2709 844 2767 καὶ
865 2710 999 2774 παντοίας

194 2792 321 2870 μηχανάς
343 2793 563 2871 προσφέροντες,
586 2795 711 2870 αἱρέουσι
734 2795 792 2854 κατ’
814 2793 907 2872 ἄκρης,
931 2797 1000 2876 ἐκτῳ

195 2882 249 2940 ἐτεῖ
275 2880 332 2941 α’πδ
360 2883 411 2956 τῆς
437 2879 615 2944 ἀποστάσιος
636 2887 685 2957 τῆς
706 2883 923 2964 Ἀρισταγόρεω·
953 2887 1000 2944 καὶ

194 2968 435 3046 ἠνδραποδίσαντο
448 2968 500 3045 τήν
512 2969 598 3029 πόλιν
620 2969 692 3029 ὥστε
711 2973 881 3048 συμπεσέειν
897 2972 929 3032 τό
946 2974 999 3032 πά-

150 3059 185 3115 19
196 3059 244 3118 θος
257 3059 294 3134 τῷ
307 3057 469 3135 χρηστηρίῳ
482 3061 519 3136 τῷ
535 3063 562 3120 ἐς
576 3059 707 3134 Μίλητον
716 3061 863 3139 γενομένῳ.
906 3067 999 3136 Χρεω-

195 3144 306 3219 μένοισι
327 3145 380 3223 γάρ
394 3144 549 3224 Ἀργείοισι
571 3151 599 3205 ἐν
615 3152 759 3217 Δελφοῖσι
780 3149 843 3223 περὶ
861 3153 999 3226 σωτηρίης

194 3233 245 3304 τῆς
266 3230 365 3291 πόλιος
388 3234 438 3304 τῆς
460 3232 608 3308 σφετέρης,
627 3235 753 3312 ἐχρήσθη
775 3238 912 3296 ἐπίκοινον
930 3263 999 3315 χρη-

196 3315 321 3393 στήριον·
336 3315 370 3374 τδ
382 3319 434 3392 μὲν
448 3321 475 3378 ἐς
489 3315 589 3381 αότούς
602 3323 666 3383 τούς
679 3323 821 3402 Ἀργείους
836 3325 932 3400 φέρον,
946 3327 1000 3402 τήν
