2282 3550
176 173 286 237 ει-ιο]
503 172 657 222 omnm.
928 171 973 220 ιιι

175 255 228 330 μὲν
247 253 335 329 ήπίως
354 253 424 330 πρός
443 252 492 313 τόν
513 255 663 330 Κορίνθιον
684 251 831 331 ἀμείψατο·
858 249 928 328 πρός
948 250 976 309 δέ

175 341 226 400 τόν
256 341 434 418 Εὐρυβιάδεα
463 343 542 422 ἔλεγε
572 342 680 401 ἐκείνων
704 342 756 417 μέν
780 338 871 399 οὐκέτι
898 337 976 410 οὐδὲν

176 432 232 489 τῷν
251 429 387 508 πρότερον
406 430 569 508 λεχθέντων,
592 428 626 492 ὥς
649 429 733 489 ἐπεάν
756 427 896 506 ἀπαίρωσι
920 425 976 487 ἀπό

177 517 346 594 Σαλαμῖνος,
363 517 569 594 διαδρήσονται·
596 516 754 594 παρεόντων
765 516 820 598 γὰρ
836 520 891 576 τῷν
907 541 975 591 συμ·

176 605 274 684 μάχων
300 605 350 666 οὔκ
378 607 462 683 ἔφερέ
484 609 511 665 οἱ
535 606 643 683 κόσμον
666 605 763 666 οὐδένα
790 605 976 686 κατηγορέειν·

177 692 240 752 6δέ
256 693 348 754 άλλου
365 694 454 774 λόγου
473 695 572 772 εἴχετο,
587 695 677 775 λέγων
694 693 729 753 τ’
762 721 768 733 ·
791 704 808 729 “
817 698 846 752 ἐν
864 693 913 752 σοὶ
927 695 977 752 νῦν
1020 767 1024 775 Ι

177 783 240 840 ἐστὶ
260 786 354 842 σῷσαι
371 781 423 858 τήν
440 782 575 851 Ἑλλάδα,
592 780 626 858 ἣν
645 782 708 859 ἐμοὶ
726 781 809 860 πείθῃ
825 784 979 859 ναυμαχίην
1022 778 1026 787 “

176 867 262 930 αὐτοῦ
288 872 378 947 μένων
403 871 558 941 ποιέεσθαι,
582 870 661 948 μηδὲ,
688 869 851 947 πειθόμενος
876 868 979 928 τούτων

176 959 253 1018 τοῖσι
265 960 392 1039 λέγουσι,
406 957 555 1038 ἀναζεύξῃς
568 960 638 1037 πρὸς
650 959 699 1018 τόν
712 957 830 1035 Ἰσθμόν
843 956 893 1020 τοὶς
903 960 979 1032 νῆας·

177 1043 285 1110 ἀντίθες
301 1046 356 1127 γάρ
373 1045 502 1124 ἑκάτερον
517 1047 650 1110 ἀκούσας’
670 1046 741 1124 πρός
755 1049 807 1122 μὲν
824 1048 862 1124 τῷ
874 1043 980 1125 Ἰσθμῷ

177 1133 356 1209 συμβάλλων
370 1140 400 1194 ἐν
412 1135 530 1216 πελάγεϊ
547 1135 766 1214 ἀναπεπταμένῳ
782 1132 979 1211 ναυμαχήσεις,

177 1224 205 1283 ἐς
222 1221 355 1298 όῆκιστα
369 1222 438 1299 ἡμῖν
456 1222 607 1300 σύμφορόν
624 1228 686 1283 ἐστι
700 1226 767 1298 νῆας
781 1223 878 1300 έχουσι
891 1222 979 1296 βαρυ-

176 1310 258 1386 τέρας
278 1310 324 1369 καὶ
344 1310 463 1389 ἀριθμόν
484 1311 654 1374 ἐλάσσονας·
681 1315 764 1370 τοῦτο
788 1309 825 1382 δὲ,
851 1307 980 1372 ἀπολέεις

178 1398 326 1475 Σαλαμῖνά
337 1425 369 1459 τε
382 1400 429 1458 καὶ
443 1399 563 1480 Μέγαρα
583 1399 628 1458 καὶ
646 1399 770 1480 Αἴγιναν,
784 1397 872 1475 ἥνπερ
886 1398 932 1457 καὶ
944 1398 980 1457 τά

177 1483 254 1545 ἅλλα
277 1486 481 1566 εὐτυχήσωμεν·
516 1486 575 1565 ἅμα
603 1486 658 1569 γάρ
685 1490 724 1566 τῷ
750 1490 865 1566 ναυτικῷ
891 1485 980 1545 οὔτῶν

177 1573 273 1648 ἕψεται
293 1575 339 1634 καὶ
356 1575 372 1636 ὁ
390 1576 472 1647 πεζός
491 1575 621 1653 στρατός·
643 1575 688 1633 καὶ
702 1574 772 1634 οὕτω
786 1575 878 1651 σφέας
897 1573 980 1636 αὐτός

175 1660 250 1731 ἄξεις
263 1663 309 1722 ἐπὶ
322 1661 375 1739 τήν
390 1663 621 1738 Πελοπόννησον,
637 1663 817 1727 κινδυνεύσεις
831 1689 863 1722 τε
881 1661 979 1739 άπάσῃ

175 1753 212 1828 τῇ
231 1749 358 1810 Ἑλλάδι.
402 1749 437 1829 ἦν
458 1752 487 1812 δὲ
508 1751 544 1811 τά
566 1752 619 1834 ἐγώ
635 1752 709 1832 λέγω
725 1751 855 1830 ποιήσῃς,
875 1749 979 1809 τοσάδε

177 1841 206 1897 ἐν
224 1836 337 1899 αὐτοῖσι
354 1840 467 1919 χρηστά
487 1841 622 1917 εὑρήσεις·
643 1843 740 1917 πρῶτα
754 1842 814 1916 μὲν,
833 1843 863 1897 ἐν
881 1842 980 1916 στεινῷ

177 1926 396 2003 συμβάλλοντες
416 1930 498 2004 νῃυσὶ
515 1928 631 2009 ὀλίγῃσι
654 1926 725 2005 πρός
746 1924 866 1994 πολλάς,
890 1922 924 2001 ἢν
944 1927 980 1985 τά

177 2014 273 2075 οἰκότα
286 2021 317 2075 ἐκ
329 2020 379 2076 τοῦ
392 2018 520 2093 πολέμου
538 2017 654 2096 ἐκβαίνῃ
667 2015 778 2076 πολλόν
792 2013 979 2092 κρατήσομεν·

176 2101 210 2164 τό
229 2103 285 2185 γάρ
306 2109 335 2164 ἐν
356 2109 454 2185 στεινῷ
475 2106 640 2185 ναυμαχέειν
660 2103 730 2182 πρός
747 2103 839 2180 ήμέων
859 2103 930 2162 ἐστί·
952 2107 981 2162 ἐν

178 2190 330 2272 εὐρυχωρίῃ
343 2193 373 2253 δὲ
385 2194 456 2271 πρός
470 2195 587 2254 ἐκείνων.
626 2192 703 2256 αὖτις
716 2193 753 2262 δέ,
765 2192 893 2269 Σαλαμὶς
905 2218 979 2270 περι-

176 2281 291 2360 γίνεται,
303 2286 330 2344 ἐς
339 2281 391 2357 τήν
401 2281 469 2360 ήμῖν
477 2281 635 2342 ὑπέκκειται
647 2283 730 2341 τέκνα
743 2307 773 2340 τε
788 2281 833 2340 καὶ
843 2285 979 2362 γυναῖκες.

178 2369 224 2426 κἀὶ
232 2369 290 2446 μὴν
300 2370 345 2428 καὶ
355 2369 419 2430 τόδε
430 2374 459 2430 ἐν
469 2369 581 2430 αὐτοῖσι
595 2371 686 2429 ἔνεστι
698 2373 748 2428 τοῦ
759 2369 805 2428 καὶ
815 2370 980 2447 περιέχεσθε

177 2456 315 2532 μάλιστα·
344 2457 444 2535 ὁμοίως
461 2458 545 2518 ου’τοΰ
566 2484 597 2518 τε
617 2459 713 2534 μένων,
735 2457 981 2536 προναυμαχήσεις

179 2546 411 2623 Πελοποννήσου,
433 2548 479 2605 καὶ
499 2547 570 2625 πρός
589 2550 628 2626 τῷ
646 2545 761 2624 Ἰσθμῷ·
794 2543 858 2604 οὐδέ
878 2551 980 2619 σφεας,

178 2635 254 2712 εἴπερ
269 2632 299 2694 εὖ
312 2635 448 2712 φρονέεις,
460 2634 533 2705 ἄξεις
548 2634 593 2694 ἐπὶ
606 2633 658 2708 τήν
672 2631 904 2707 Πελοπόννησον.
946 2631 980 2708 ἢν

178 2719 209 2779 δέ
230 2747 264 2803 γε
286 2723 331 2782 καὶ
352 2722 388 2782 τά
410 2722 464 2804 ἐγῶ
486 2724 589 2794 ἐλπίζω
612 2723 734 2804 γένηται,
758 2720 803 2779 καὶ
824 2717 980 2795 νικήσωμεν

177 2814 244 2889 τῇσι
257 2812 348 2888 νηυσὶ,
363 2810 426 2870 οὔτε
445 2811 512 2888 ν’μῖν
526 2817 553 2874 ἐς
565 2811 615 2871 τόν
627 2809 746 2886 Ἰσθμόν
764 2807 936 2885 παρέσονται
953 2811 980 2867 οἱ

176 2898 331 2976 βάρβαροι,
341 2897 404 2958 οὔτε
416 2899 612 2976 προβήσονται
625 2897 764 2974 ἑκαστέρω
776 2900 827 2972 τῆς
838 2893 975 2970 Ἀττικῆς,

177 2984 281 3047 άπίασί
297 3012 329 3047 τε
342 2986 430 3046 οὐδενὶ
449 2986 553 3066 κόσμῳ,
570 2985 734 3067 Μεγάροισί
748 3009 778 3044 τε
799 2981 980 3060 κερδανέομεν

177 3078 328 3152 περιεοῦσι,
348 3075 394 3134 καὶ
413 3075 522 3156 Αἰγίνῃ,
537 3075 583 3132 καὶ
598 3076 746 3148 Σαλαμῖνι,
761 3077 790 3130 ἐν
802 3075 838 3149 τῇ
852 3069 920 3146 ήμῖν
934 3071 980 3128 καὶ

177 3163 275 3244 λόγιόν
293 3169 355 3224 ἐστι
367 3167 422 3224 τῶν
437 3164 544 3242 ἐχθρῶν
558 3161 711 3235 κατύπερθε
723 3159 864 3239 γενέσθαι.
906 3157 976 3214 οἰκό-

176 3275 212 3310 τα
223 3253 276 3326 μέν
288 3277 337 3312 νυν
348 3249 583 3327 βουλευομένοισι
596 3245 768 3328 άνθριόποισι
779 3244 814 3306 ὦς
825 3243 859 3302 τό
878 3241 980 3300 ἐπίπαν

177 3339 266 3398 ἐθέλει
284 3339 422 3420 γίνεσθαι·
444 3335 485 3414 μή
503 3335 533 3394 δὲ
549 3333 644 3392 οἰκότα
665 3331 907 3405 βουλευομένοισι,
928 3327 978 3386 οὐκ
