2282 3550
139 144 187 191 263
439 143 622 192 ἨΡΟΔΟΤΟΤ
848 143 947 207 [VIII.

143 247 224 284 οντας
251 221 391 296 ἐκπηδέειν
418 226 445 283 ἐς
471 220 522 296 τήν
549 220 710 281 θάλασσαν·
741 220 787 278 καὶ
812 220 863 296 τήν
890 227 948 298 νῆᾳ

141 311 400 384 ἐπικουφισθεῖσαν,
415 308 484 367 οὕτω
496 308 529 383 δή
541 307 722 384 ἀποσωθῆναι
734 313 761 370 ἐς
772 308 824 384 τήν
832 308 947 386 Ἀσίην·

142 395 177 460 ώς
195 397 224 455 δέ
243 399 361 472 ἐκβῆναι
375 395 498 476 τάχιστα
516 401 543 460 ἐς
561 400 615 476 γῆν
632 395 681 454 τάν
697 396 810 472 Ξέρξεα,
825 401 948 472 ποιῆσαι

141 483 256 544 τοιόνδε·
281 484 391 560 ὅτιμὲν
408 486 498 544 ἔσωσε
515 484 653 560 βασιλέος
668 484 719 559 τήν
738 483 839 562 ψυχήν,
859 485 948 562 δωρή-

143 572 252 632 σασθαι
272 574 379 650 χρυσέῃ
407 572 535 652 στεφάνῃ
556 571 606 632 τάν
628 571 807 648 κυβερνήτεα·
849 572 892 632 ὅτι
915 575 947 633 δὲ

143 661 277 737 Περσέων
289 661 416 724 πολλοῦς
429 660 567 733 ἀπώλεσε,
583 659 736 736 ἀποταμεῖν
749 659 802 734 τήν
816 661 945 737 κεφαλήν

98 749 258 809 119αάτοῦ.
301 747 392 812 Οὗτος
413 749 442 808 δὲ
462 748 551 811 ἀλλος
571 749 684 829 λέγεται
704 747 790 828 λόγος
810 749 874 825 περὶ
893 755 946 808 τοῦ

143 837 251 913 Ξέρξεω
269 837 379 906 νόστου,
398 837 523 913 οὐδαμῶς
539 837 632 916 ἔμοιγε
648 835 757 905 πιστός,
772 834 834 895 οὕτε
850 835 946 900 ἄλλως

143 925 206 985 οὔτε
229 926 262 986 τό
287 926 420 1003 Περσέων
443 929 526 984 τοῦτο
549 924 646 986 πάθος·
679 927 702 982 εἰ
723 923 777 1002 γάρ
800 923 833 999 δή
856 928 945 985 ταῦτα

144 1013 214 1073 οὕτω
241 1015 332 1091 εἰρέθη
359 1019 389 1072 ἐκ
410 1017 460 1073 τοῦ
488 1011 660 1090 κυβερνήτεω
686 1010 757 1088 πράς
780 1011 892 1088 Ξέρξεα,
916 1017 945 1072 ἐν

143 1103 260 1181 μυρίῃσι
273 1102 401 1184 γνώμῃσι
417 1103 484 1178 μίαν
502 1101 552 1160 οὐκ
569 1101 622 1179 ἔχω
642 1099 776 1170 ἀντίξοον,
790 1098 830 1176 μή
848 1100 897 1159 οὐκ
911 1099 945 1160 ἀν

144 1193 262 1266 ποιῆσαι
282 1192 409 1266 βασιλέα
429 1189 544 1249 τοιόνδε·
586 1187 650 1251 τοδς
669 1190 720 1265 μέν
741 1193 771 1247 ἐκ
791 1193 841 1247 τοῦ
863 1215 945 1268 κατα-

144 1280 308 1356 στρώματος
343 1278 539 1355 καταβιβάσαι
569 1283 596 1340 ἐς
630 1277 728 1352 κοίλην
758 1280 820 1353 νῆα,
851 1277 945 1341 ἐόντας

145 1369 260 1444 Πέρσας
274 1369 320 1426 καὶ
335 1368 467 1444 Περσέων
487 1366 550 1428 τούς
568 1365 700 1443 πρώτους,
717 1369 770 1424 τῶν
787 1365 810 1424 δ’
824 1367 943 1443 ἐρετέων,

146 1454 244 1514 ε’όντων
268 1456 409 1526 Φοινίκων,
432 1453 501 1517 ὅκως
522 1454 572 1513 οὐκ
596 1452 630 1513 ἂν
654 1455 717 1513 ἴσον
738 1455 848 1529 πλῆθος
868 1459 944 1513 τοῖσι

146 1543 278 1621 Πέρσῃσι
300 1544 420 1619 ἐξέβαλε
441 1548 468 1606 ἐς
488 1542 539 1618 τήν
561 1542 720 1602 θάλασσαν.
762 1540 828 1600 ἀλλ’
849 1542 864 1602 ὁ
884 1546 943 1618 μὲν,

145 1629 180 1693 ώς
204 1631 249 1688 καὶ
270 1632 405 1708 πρότερον
430 1633 543 1708 εἴρηται,
567 1630 621 1709 ὁδῷ
642 1629 804 1708 χρεώμενος,
828 1629 886 1706 ἅμα
907 1635 946 1710 τῷ

99 1719 156 1778 120
165 1716 243 1799 ἀλλῳ
264 1724 375 1798 στρατῷ
395 1719 573 1795 ἀπενόστησε
595 1723 622 1781 ἐς
639 1718 691 1793 τήν
710 1717 819 1794 Ἀσίην.
861 1719 945 1798 Μέγα

144 1806 173 1865 δὲ
194 1809 239 1866 καὶ
259 1807 323 1867 τόδε
343 1807 503 1885 μαρτύριον·
526 1808 655 1882 φαίνεται
671 1807 726 1888 γὰρ
745 1807 849 1884 Ξέρξης
863 1812 892 1866 ἐν
909 1834 944 1886 τῃ

145 1893 236 1955 ὀπίσω
251 1897 349 1974 κομιδῇ
363 1895 529 1972 ἀπικόμενος
543 1899 570 1958 ἐς
583 1893 724 1970 Ἀβδηρα,
740 1896 786 1952 καὶ
803 1895 903 1970 ξεινίην
915 1899 947 1954 τέ

145 1989 201 2059 σφι
214 1985 389 2060 συνθέμενος,
405 1984 450 2042 καὶ
464 1982 659 2060 δωρησάμενος
676 1981 775 2045 αὖτοάς
788 1981 903 2061 ἀκινάκῃ
915 2009 946 2042 τε

145 2074 254 2152 χρυσέῳ
266 2074 311 2131 καὶ
321 2072 403 2152 τιήρῃ
413 2071 613 2151 χρυσοπάστῳ·
632 2072 678 2130 καὶ
692 2069 727 2134 ώς
740 2071 819 2130 ου’τοὶ
829 2071 946 2151 λέγουσι

144 2159 318 2238 Ἀβδηρῖται,
330 2162 459 2241 λέγοντες
469 2160 534 2237 ἐμοί
544 2185 577 2240 γε
592 2158 717 2236 οὐδαμῶς
727 2158 823 2231 πιστά,
836 2163 946 2236 πρώτον

147 2247 267 2308 ἐλύσατο
288 2249 339 2323 τήν
357 2247 443 2324 ζώνην
462 2248 571 2329 φεύγων
594 2247 625 2317 ἐξ
641 2247 780 2323 Ἀθηνέων
796 2245 895 2317 ὀπίσω,
912 2247 946 2312 οἷς

147 2340 175 2393 ἐν
188 2334 264 2415 ἀδείῃ
281 2336 340 2395 ἐών·
360 2335 395 2395 τά
417 2336 446 2394 δὲ
458 2335 591 2413 Ἄβδηρα
610 2336 715 2412 ἵδρυται
734 2335 804 2412 πρὸς
820 2339 870 2394 τοῦ
882 2335 946 2395 Ἑλ-

148 2423 310 2498 λησπόντου
324 2428 437 2500 μᾶλλον
450 2424 469 2501 ἢ
482 2428 532 2484 τοῦ
542 2423 701 2500 Στρυμόνος
712 2424 757 2482 καὶ
767 2427 817 2499 τῆς
826 2423 944 2492 Ἠϊόνας,

147 2511 210 2570 ὅθεν
224 2511 258 2587 δή
271 2538 319 2588 μιν
334 2514 407 2587 φασὶ
422 2514 554 2588 ἐπιβῆναι
569 2511 614 2570 ἐπὶ
627 2511 678 2586 τήν
692 2515 753 2586 νῆα.

100 2601 154 2658 121
208 2603 245 2659 Οἱ
267 2600 296 2658 δὲ
311 2599 459 2676 Ἕλληνες,
485 2601 547 2659 ἐπεί
567 2625 598 2659 τε
620 2598 669 2658 οὔκ
695 2600 751 2659 οἶοί
768 2625 800 2660 τε
821 2600 947 2680 ἐγένοντο

147 2689 263 2756 ἐξελέειν
283 2687 335 2763 τήν
350 2688 479 2764 Ἀνδρον,
494 2687 663 2764 τραπόμενοι
684 2693 711 2751 ἐς
732 2687 882 2764 Κάρυστον
903 2690 947 2747 καὶ

147 2775 314 2850 δηιώσαντες
341 2775 430 2835 αὐτῶν
456 2776 508 2852 τήν
539 2775 639 2854 χώρην,
668 2774 894 2834 ἀπαλλάσσοντο
923 2781 948 2838 ἐς

148 2865 301 2940 Σαλαμῖνα.
346 2868 442 2940 πρῶτα
467 2865 519 2940 μέν
545 2889 594 2922 νυν
620 2867 696 2922 τοῖσι
724 2864 814 2923 θεοῖσι
842 2863 948 2932 ἐξεῖλον

147 2950 289 3026 ἀκροθίνια
316 2951 392 3010 ἀλλα
418 2977 449 3010 τε
473 2952 519 3010 καὶ
542 2951 669 3026 τριήρεας
690 2955 763 3028 τρεῖς
785 2951 947 3014 Φοινίσσας·

146 3038 197 3112 τήν
216 3042 268 3115 μὲν
289 3045 316 3100 ἐς
335 3038 453 3114 Ἰσθμόν
473 3038 622 3108 ἀναθεῖναι,
636 3038 708 3115 ἤπερ
729 3039 768 3098 ἔτι
787 3039 832 3096 καὶ
854 3043 881 3102 ἐς
902 3043 949 3116 ἐμὲ

147 3123 190 3196 ἢν·
211 3126 262 3200 τήν
280 3127 309 3184 δέ
328 3127 374 3184 ἐπὶ
393 3127 517 3188 Σούνιον·
538 3125 590 3198 τήν
608 3126 638 3184 δὲ
655 3131 693 3205 τῷ
707 3129 806 3186 Αἴαντι
823 3126 909 3186 αὐτοῦ
924 3134 949 3192 ἐς

148 3213 303 3280 Σαλαμῖνα·
323 3213 394 3288 μετά
407 3213 436 3271 δὲ
449 3217 532 3272 τοῦτο
549 3213 714 3273 διεδάσαντο
732 3215 784 3291 τήν
797 3215 889 3291 ληίην,
905 3218 948 3274 καὶ

147 3295 181 3352 τὰ
214 3297 357 3373 ἀκροθίνια
390 3299 557 3376 ἀπέπεμψαν
592 3305 619 3363 ἐς
653 3302 795 3378 Δελφούς·
831 3308 861 3360 ἐκ
896 3309 948 3362 τῶν
