2276 3554
164 163 304 228 124-129]
476 15 662 215 Q.
680 134 684 148 ’
915 165 963 213 169

160 245 452 322 στρατοπεδευόμενος
466 244 519 320 τήν
536 244 613 322 παρὰ
628 243 780 318 θάλασσαν
792 243 886 324 χοίρην
898 269 964 304 τοσ·

160 333 236 408 ήνδε·
257 332 410 410 α’ρξόμενος
431 332 488 392 α’πῦ
510 333 621 410 Θέρμης
640 332 741 396 πόλιος
754 333 800 391 καὶ
817 337 866 408 τῆς
884 339 963 412 Μυγ-

161 421 263 498 δονίης,
280 422 364 500 μέχρι
384 421 491 480 Λυδίεῶ
508 447 539 481 τε
556 426 683 498 ποταμοῦ
704 422 750 480 καὶ
769 420 963 498 Ἁλιάκμονος,
1030 443 1035 453 ’

161 509 189 569 οἳ
202 509 343 586 οὐρίζουσι
356 513 411 591 γῆν
428 509 481 585 τήν
499 510 659 570 Βοττιαιίδα
676 535 708 569 τε
725 509 771 568 καὶ
789 509 964 568 Μακεδονίδα

140 613 144 620 ’
161 603 191 661 ἐς
203 597 292 658 τῶυτδ
305 599 418 674 ῥέεθρον
431 596 465 657 τῦ
479 597 550 675 ὕδωρ
564 599 783 679 συμμίσγοντες·
798 601 965 674 ἐστρατοπε-

160 685 276 746 δεύοντο
291 688 343 762 μέν
361 685 395 760 δή
413 689 442 746 έν
461 685 587 746 ποῦτοισι
604 688 681 746 τοῖσι
699 686 828 765 χωρίοισι
847 689 873 745 οἱ
891 684 963 763 βόρ-

161 775 259 852 βαροι.
300 777 356 833 τῶν
370 774 399 832 δέ
416 775 644 853 καταλεχθέντων
657 773 761 833 τούτων
776 778 918 851 ποταμῶν,
934 778 964 832 ἐκ

162 861 366 938 Κρηστωναίης
378 862 447 939 ῥέων
459 861 623 941 Ἐχείδωρος
634 865 736 938 μοῦνος
747 861 796 921 οῦκ
809 859 964 940 ἀντέχρησε

160 954 198 1027 τῇ
219 953 339 1029 στρατιῇ
359 949 513 1026 πινόμενος,
534 949 599 1009 ἀλλ’
624 951 746 1010 ἐπέλιπε.
790 950 896 1026 Ξέρξης
916 949 1011 1008 δέ128

161 1036 248 1113 ὁρέων
264 1043 294 1097 ἐκ
310 1041 360 1114 τῆς
380 1038 491 1115 Θέρμης
511 1037 593 1115 οῦρεα
613 1037 649 1097 τό
668 1038 844 1108 Θεσσαλικοὶ,
865 1037 963 1098 τόντε

156 1119 309 1202 Ὀλυμπον
331 1126 377 1184 καὶ
398 1126 450 1202 τήν
466 1125 591 1196 Ὄσσαν,
613 1124 731 1206 μεγιίθεί
753 1151 784 1184 τε
805 1124 964 1202 ὑπερμήκεα

163 1213 252 1283 ἐόντα,
267 1213 312 1273 διαὶ
324 1214 416 1290 μέσου
427 1239 458 1272 τε
471 1213 561 1273 αὐτῶν
574 1213 686 1273 αόλῶνα
702 1213 813 1274 στεινόν
829 1212 963 1274 πυνθανό-

160 1328 245 1377 μενος
258 1302 327 1362 εἶναι
348 1302 381 1361 δι’
402 1299 435 1362 οῦ
455 1303 511 1380 ῥέει
532 1301 548 1363 ό
570 1302 696 1378 Πηνειός,
718 1302 825 1363 ἆκοῦων
844 1329 875 1362 τε
896 1303 964 1363 εἶναι

160 1389 250 1468 ταῦτη
263 1390 329 1450 όδόν
342 1397 369 1454 ἐς
382 1395 547 1467 Θεσσαλίην
557 1391 709 1468 φέρουσαν,
721 1390 879 1468 ἐπεθύμησε
889 1391 963 1450 πλῶ-

161 1503 217 1541 σας
235 1478 394 1554 θεήσασθαι
411 1478 463 1554 τήν
484 1479 609 1555 ἐκβολήν
627 1479 677 1536 τοῦ
700 1483 834 1556 Πηνειοῦ·
854 1479 898 1540 ὅτι
911 1479 964 1555 τήν

161 1564 218 1625 ἅνω
232 1566 297 1627 όδῦν
310 1569 411 1643 ἔμελλε
426 1570 493 1627 ἐλῶν
503 1567 548 1625 διῶ
561 1568 729 1628 Μακεδόνων
741 1571 795 1628 τῶν
811 1568 963 1645 κατύπερθε

161 1656 321 1730 οἰκημένων,
332 1661 358 1718 ἐς
370 1654 549 1731 Περραιβοῦς
562 1655 639 1732 παρῶ
653 1655 757 1717 Γόννον
770 1656 863 1716 πόλιν·
876 1656 963 1734 ταῦτ-η

160 1741 217 1822 γὰρ
235 1741 458 1817 ἀσφαλέστατον
476 1742 642 1803 ἐπυνθάνετο
664 1743 744 1803 εἶναι·
774 1744 809 1808 ῶς
823 1744 851 1804 δέ
869 1744 964 1804 ἐπεθύ-

160 1856 247 1907 μησε,
262 1831 308 1889 καὶ
321 1832 411 1891 ἐποίεε
429 1834 530 1890 ταῦτα·
553 1831 644 1909 ἐσβῶς
665 1837 691 1894 ἐς
713 1833 846 1908 Σιδωνίην
865 1831 922 1900 νέα,
938 1837 964 1895 ἐς

160 1917 265 1995 τήνπερ
279 1918 409 2005 ἐσέβαινε
423 1920 475 1978 αἰεὶ
488 1918 557 1983 ὅκως
570 1945 598 1979 τι
611 1921 705 1980 ἐθέλοι
717 1925 828 1980 τοιοῦτο
837 1923 964 1994 ποιῆσαι,

160 2005 272 2076 ἀνέδεξε
285 2006 406 2083 σημήϊον
420 2008 466 2065 καὶ
478 2011 555 2066 τοῖσι
571 2005 689 2067 ἅλλοισι
704 2006 867 2088 ιίνόγεσθαι,
883 2033 964 2067 κατα-

160 2095 253 2156 λιπῶν
266 2094 351 2154 αῦτοῦ
364 2095 414 2155 τόν
426 2094 510 2166 πεζδν
524 2095 658 2172 στρατόν·
673 2097 733 2154 ἐπεὶ
746 2096 776 2154 δὲ
789 2095 904 2155 ἀπίκετο
919 2097 965 2157 καὶ

161 2182 300 2258 ἐθεήσατο
310 2184 415 2260 Ξέρξης
424 2183 476 2259 τήν
486 2181 613 2259 ἐκβολήν
622 2189 673 2245 τοῦ
682 2188 811 2259 Πηνειοῦ,
821 2189 850 2243 ἐν
858 2183 964 2262 θώματι

159 2271 277 2353 μεγάλῳ
291 2272 431 2350 ἐνέσχετο·
446 2272 570 2335 καλέσας
583 2272 612 2330 δὲ
627 2269 692 2334 τοῦς
710 2272 900 2352 κατηγεμόνας
915 2278 965 2349 τῆς

160 2357 237 2428 όδοῦ,
249 2359 337 2436 εἴρετο
348 2363 372 2418 εἰ
383 2358 434 2420 τῶν
443 2358 571 2437 ποταμόν
582 2364 643 2418 ἐστι
656 2361 872 2438 παρατρέψαντα
886 2362 965 2441 ἐπέρη

161 2452 190 2510 ἐς
204 2446 360 2507 θάλασσαν
373 2448 532 2528 ἐξαγαγεῖν;
554 2447 624 2528 (Τήν
638 2447 666 2506 δὲ
680 2450 846 2526 Θεσσαλίην
859 2449 945 2531 λόγος
955 2452 1009 2508 129

160 2536 224 2595 ἐστὶ
241 2535 275 2595 τό
293 2535 416 2596 παλαιῶν
437 2535 506 2595 εἶναι
527 2537 637 2612 λίμνην,
652 2533 724 2595 ῶστε
744 2561 777 2617 γε
798 2542 964 2618 συγκεκληῖ-

160 2624 270 2701 σμένην
290 2623 428 2684 πάντοθεν
449 2623 623 2701 ῦπερμήκεσι
646 2622 755 2693 οῦρεσι·
782 2625 819 2684 πεί
838 2627 890 2701 μὲν
909 2624 964 2705 γὰρ

160 2711 247 2787 αῦπῆς
260 2711 330 2790 πρῦς
342 2712 395 2788 τήν
407 2711 449 2788 ήῶ
463 2713 562 2791 ἔχοντα
575 2712 608 2772 τό
621 2733 657 2772 τε’
665 2710 776 2786 Πήλιον
788 2709 872 2789 οῦρος
885 2711 931 2770 καὶ
945 2711 965 2788 ηι

155 2798 259 2860 Ὀσσα
276 2798 415 2879 α’ποκλῄει
433 2800 634 2880 συμμίσγοντα
650 2800 701 2864 πῶς
720 2799 855 2878 ῦπωρείας
875 2798 965 2874 ἀλλή-

160 2892 249 2958 λοισι,
263 2888 299 2947 τῶ
312 2887 342 2947 δέ
355 2886 425 2964 πρθς
438 2889 531 2965 βορέω
545 2887 648 2965 α’νέμου
666 2888 681 2948 ό
701 2883 862 2965 Οῦλυμπος,
881 2886 917 2947 τῶ
936 2887 965 2946 δέ

160 2976 233 3053 πρδς
253 2977 376 3066 ἑσπέρην
396 2976 511 3039 Πίνδος·
535 2977 570 3036 τῦ
592 2977 621 3036 δέ
642 2976 711 3052 πρός
731 2975 914 3053 μεσαμβρίην
934 3001 965 3036 τε

160 3065 209 3124 καὶ
222 3063 324 3141 ἄνεμον
338 3063 419 3124 νότον
432 3063 580 3142 ήὋθρυς·
601 3064 634 3124 τό
648 3065 737 3140 μέσον
750 3065 780 3123 δὲ
793 3064 896 3124 τούτων
911 3068 966 3124 τῶν

161 3153 319 3232 λεχθέντων
341 3150 441 3229 οῦρέων
461 3151 480 3226 ή
501 3153 649 3225 Θεσσαλίη
671 3151 740 3219 ἐστὶ,
763 3153 849 3208 ἐοῦσα
870 3150 965 3223 κοίλη·

162 3239 236 3301 ὥστε
250 3239 287 3299 ῶν
296 3243 430 3315 ποταμῶν
441 3243 468 3301 ἐς
478 3237 564 3312 αὗπήν
575 3240 620 3295 καὶ
629 3237 725 3295 ἄλλων
735 3239 846 3313 συχνῶν
858 3237 965 3309 ἐσβαλ-

163 3328 278 3398 λόντων,
292 3327 375 3388 πέντε
392 3326 422 3385 δέ
437 3330 492 3385 τῶν
508 3324 627 3398 δοκίμων
647 3321 775 3396 μάλιστα
794 3322 887 3389 τῶνδε,
905 3326 964 3395 Πη-
