2276 3554
136 151 281 214 ιιι-ιιι]
449 132 633 202 αοιτιιυιιζ
892 153 938 205 171

135 230 229 292 ἔθνεος
250 228 478 311 ἐπαγγέλλεσθαι
500 231 612 306 φιλίην·
634 231 712 294 εἶπας
730 231 760 291 δὲ
779 235 875 304 ταῦτα,
893 232 939 292 καὶ

133 315 319 394 θεησάμενος,
334 315 484 378 άπέπλεε’
472 344 499 382 ες
511 317 563 394 τῆν
576 318 697 396 Θέρμην.

175 404 210 464 ‘0
225 407 277 481 μὲν
290 405 324 480 δή
337 431 401 482 περι
392 407 531 516 Πιερίην
549 407 703 520 διέτριβε
684 408 789 484 ημέρας
802 407 917 488 συχνάς·
911 409 984 468 ·l3l

134 492 167 552 τά
179 493 236 574 γάρ
250 492 330 602 δῆ’
299 519 380 603 ουρος
391 520 424 553 το
417 493 537 553 Μακεδ
538 495 630 554 ονικόν
644 495 729 572 ἔκειρε
742 499 792 570 τῆς
806 500 940 608 στρατιῆς

134 581 304 658 τριτημορὶς,
330 581 373 640 ἵνα
394 581 482 661 ταύτῃ
503 581 628 660 διεξίῃ”
610 609 708 642 απασα
729 583 748 658 ῆ
771 584 889 660 στρατιή
911 589 939 648 ές

135 669 323 744 Περραιβούς.
367 673 394 728 οἱ
407 669 437 728 δὲ
450 669 484 746 δῆ
499 669 613 746 κήρυκες
627 674 653 730 οἱ
666 670 898 748 ἀποπεμφθέντες
912 677 939 735 ές

134 755 187 832 τῆν
198 755 327 816 Ἑλλάδα
340 758 386 816 ε’πὶ
399 762 452 838 γῆς
465 759 577 834 αἴτησιν
590 757 734 818 ἀπικέατο·
749 762 837 835 οἱμὲν
845 761 937 828 κεινοί,

135 843 211 902 οἶδὲ
232 844 364 921 φέροντες
384 849 438 925 γῆν
458 871 489 904 τε
511 846 558 905 καὶ
579 845 661 923 ὕδωρ.
694 851 750 913 τῶν
766 847 796 906 δὲ
816 846 917 907 δόντων
929 849 985 906 132

135 935 225 990 ταῦτα
243 932 371 1012 ε’γένοντο
389 933 455 992 οἶδε·
477 935 633 1004 Θεσσαλοὶ,
651 934 789 1005 Δόλοπες,
806 935 936 1010 Ἐνιῆνες,

136 1021 304 1096 Περραιβοὶ,
323 1021 437 1098 Λοκροὶ,
456 1020 614 1103 Μάγνητες,
632 1023 764 1098 Μηλιέες,
780 1022 891 1102 ’Δχαιοὶ
912 1026 939 1082 οἰ

136 1107 267 1179 Φθιῶται,
288 1109 335 1168 καὶ
355 1111 487 1184 Θηβαῖοι,
505 1110 551 1168 καὶ
568 1113 595 1169 οἱ
615 1106 701 1170 ἄλλοι
722 1111 839 1170 Βοιωτοὶ
862 1111 939 1186 πλήν

136 1196 280 1256 Θεσπιέων
297 1223 329 1256 τε
348 1197 394 1256 καί
411 1199 586 1258 Πλαταιέων.
628 1199 673 1257 ε’πὶ
689 1197 816 1258 τούτοισι
832 1201 859 1258 οἰ
869 1197 938 1257 Ἐλ-

136 1288 220 1359 ληνες
233 1285 338 1361 ἔταμον
351 1285 445 1362 ὅρκιον
459 1289 486 1345 οἱ
499 1290 536 1364 τῷ
549 1286 690 1365 βαρβάρῳ
703 1285 829 1362 πόλεμον
848 1285 938 1363 αἐιρά-

135 1397 224 1446 μενοι·
254 1372 287 1432 τό
314 1373 344 1432 δὲ
367 1373 461 1450 ὅρκιον
489 1372 540 1434 ὦδε
563 1374 631 1453 εἶχε·
662 1385 679 1410 “
689 1374 753 1434 ὅσοι
775 1380 813 1454 τῷ
836 1377 937 1454 Πέρση

136 1458 239 1520 ἔδοσάν
256 1467 348 1536 σφεας
367 1460 465 1525 αὐτοῦς
473 1461 613 1538 Ἕλληνες
629 1460 728 1532 ἐόντες,
741 1462 782 1539 μῆ
796 1463 934 1544 ἀναγκασ-

136 1547 237 1618 θέντες,
249 1548 444 1608 καταστάντων
457 1556 513 1624 σφι
528 1549 557 1608 εὖ
570 1554 625 1610 τῶν
635 1551 814 1632 πρηγμάτων,
824 1551 938 1616 τούτους

135 1634 301 1696 δεκατεῦσαι
316 1641 354 1716 τῷ
372 1643 401 1696 ἐν
421 1641 565 1713 Δελφοῖσι
584 1638 662 1717 θεῷ·”
682 1639 716 1699 τό
729 1642 781 1715 μὲν
794 1639 828 1716 δῆ
843 1639 938 1717 ὅρκιον

135 1721 188 1782 ὦδε
198 1723 257 1803 εἶχε
264 1725 479 1802 τοῖσιἘλλησι.
505 1726 553 1789 Ἐς
562 1727 591 1785 δὲ
600 1727 721 1802 Ἀθήνας
731 1729 777 1786 καὶ
786 1728 917 1804 Σπάρτην
929 1731 985 1787 133

135 1811 186 1870 οὐκ
205 1811 354 1891 ἀπέπεμψε
374 1812 390 1873 ὁ
411 1815 526 1891 Πέρσης
546 1816 592 1873 ε’πὶ
611 1819 664 1896 γῆς
687 1816 799 1892 αἴτησιν
820 1815 938 1892 κήρυκας

133 1899 221 1958 τοῖνδε
235 1901 333 1960 εἵνεκα·
353 1901 489 1979 πρότερον
508 1904 627 1978 Δαρείου
640 1903 801 1982 πέμψαντος
815 1903 856 1962 ἐπ’
871 1904 938 1964 αθτὸ

134 1992 228 2057 τοῦτο,
246 1991 272 2047 οἶ
288 1991 341 2064 μὲν
357 1988 446 2049 αὐτῶν
463 1990 527 2053 τούς
546 1992 686 2054 αἰτέοντας
700 1997 727 2055 ἐς
740 1992 774 2051 τό
791 1991 937 2070 βάραθρον
967 1990 969 1994 ’

135 2079 162 2136 οἱ
175 2075 206 2134 δὲ
220 2081 248 2139 ές
262 2077 352 2152 φρέαρ
365 2077 547 2154 ἐσβαλόντες,
560 2080 687 2138 ε’κέλευον
696 2084 750 2160 γῆν
763 2106 794 2139 τε
808 2081 854 2138 καὶ
867 2080 937 2158 ὕδωρ

134 2170 165 2224 ἐκ
183 2165 289 2225 τούτων
302 2167 398 2243 φέρειν
415 2167 492 2238 παρά
509 2169 645 2243 βασιλέα·
666 2168 770 2228 τούτων
783 2171 834 2246 μὲν
848 2169 937 2230 εἵνεκα

134 2252 186 2312 οὐκ
204 2254 311 2331 έπεμψε
329 2255 434 2331 Ξέρξης
449 2255 514 2318 τούς
532 2255 708 2331 αἰτήσοντας.
749 2255 805 2317 ὅτι
819 2257 848 2316 δὲ
861 2262 937 2318 τοῖσι

134 2340 313 2417 Ἀθηναίοισι
324 2347 413 2402 ταῦτα
425 2343 565 2418 ποιήσασι
577 2343 641 2408 τούς
660 2344 779 2421 κήρυκας
792 2345 937 2422 συνήνεικε

134 2429 304 2506 άνεθέλητον
316 2432 457 2511 γενέσθαι,
471 2431 520 2490 οὐκ
533 2433 587 2510 ἔχω
601 2431 684 2501 εἶπαι,
698 2432 774 2509 πλῆν
784 2432 828 2494 ὅτι
841 2435 938 2510 σφέων

134 2517 153 2594 ή
173 2518 253 2596 χοίρη
275 2519 321 2577 καί
340 2517 358 2594 ή
379 2518 462 2582 πόλις
483 2519 609 2596 ε’δηῖιόθη·
639 2519 716 2580 άλλά
737 2526 820 2582 τοῦτο
839 2522 872 2582 οὗ
892 2523 937 2582 διά

134 2607 239 2684 ταύτην
248 2606 301 2683 τῆν
311 2608 400 2684 αἰτίην
414 2607 499 2667 δοκέω
512 2609 653 2688 γενέσθαι.
674 2615 757 2670 Τοῖσι
771 2611 800 2669 δὲ
814 2609 851 2669 ὧν
860 2612 986 2671 Aa-134'

135 2695 338 2773 κεδαιμονίοισι
350 2700 431 2772 μῆνις
445 2697 604 2774 κατέσκηψε
618 2699 783 2775 Ταλθυβίου
792 2703 842 2758 τοῦ
852 2697 936 2779 Ἀγα-

133 2785 272 2860 μέμνονος
285 2783 411 2860 κήρυκος·
432 2788 473 2865 (έν
488 2785 544 2866 γάρ
561 2780 676 2866 Σπάρτη
694 2788 755 2846 ἐστὶ
772 2787 937 2861 Ταλθυβίου

135 2871 204 2948 ἶρόν·
227 2872 284 2932 εἰσὶ
297 2871 327 2931 δὲ
343 2872 390 2930 καὶ
406 2871 540 2954 ἀπόγονοι
554 2876 727 2950 Ταλθυβίου,
741 2873 937 2950 Ταλθυβιάδαι

134 2961 309 3038 καλεόμενοι,
323 2964 399 3020 τοῖσι
414 2964 443 3020 αἱ
456 2963 600 3038 κηρυκηίαι
613 2966 642 3022 αἱ
656 2968 685 3022 ἐκ
701 2962 831 3038 Σπάρτης
846 2967 938 3023 πᾶσαι

134 3049 219 3127 γέρας
235 3047 382 3128 δέδονται·)
399 3049 471 3125 μετά
489 3049 630 3120 δὲταῦτα,
648 3055 724 3110 τοῖσι
744 3051 937 3129 Σπαρτιήτῃσι

134 3139 324 3213 καλλιερῆσαι
345 3136 506 3214 θυομένοισι
522 3136 572 3196 οὐκ
593 3138 715 3196 ἐδύνατο·
741 3141 824 3195 τοῦτο
847 3139 869 3195 δ’
892 3140 938 3196 ἐπὶ

133 3223 238 3304 χρόνον
255 3223 363 3304 συχνόν
380 3223 415 3299 ἦν
433 3231 499 3300 σφι·
520 3223 681 3300 ἀχθομένων
699 3223 728 3279 δὲ
742 3222 787 3279 καὶ
801 3227 938 3300 συμφορῇ

133 3313 298 3392 χρεωμένων
314 3311 547 3388 Λακεδαιμονίων,
566 3308 648 3381 άλίης
662 3331 693 3364 τε
712 3305 851 3369 πολλάκις
867 3312 936 3366 συλ-

1060 3431 1124 3528 Δ
