<?xml version="1.0" encoding="UTF-8"?>
<!DOCTYPE html PUBLIC "-//W3C//DTD XHTML 1.0 Transitional//EN"
    "http://www.w3.org/TR/xhtml1/DTD/xhtml1-transitional.dtd">
<html xmlns="http://www.w3.org/1999/xhtml" xml:lang="en" lang="en">
 <head>
  <title>
</title>
<meta http-equiv="Content-Type" content="text/html;charset=utf-8" />
  <meta name='ocr-system' content='tesseract 3.04.00' />
  <meta name='ocr-capabilities' content='ocr_page ocr_carea ocr_par ocr_line ocrx_word'/>
</head>
<body>
  <div class='ocr_page' id='page_1' title='image "./herodotusrecens00blakgoog_0108.png"; bbox 0 0 2276 3554; ppageno 0'>
   <div class='ocr_carea' id='block_1_1' title="bbox 135 127 987 3374">
    <p class='ocr_par' dir='ltr' id='par_1_1' title="bbox 135 127 987 3374">
     <span class='ocr_line' id='line_1_1' title="bbox 187 127 985 197; baseline 0.01 -23"><span class='ocrx_word' id='word_1_1' title='bbox 187 127 233 174; x_wconf 82' lang='lat'>100</span> <span class='ocrx_word' id='word_1_2' title='bbox 491 131 673 183; x_wconf 73' lang='grc' dir='ltr'>Ἠνυιουοτ</span> <span class='ocrx_word' id='word_1_3' title='bbox 922 133 985 197; x_wconf 75' lang='lat' dir='ltr'>[VI.</span> 
     </span>
     <span class='ocr_line' id='line_1_2' title="bbox 185 204 987 290; baseline 0.01 -26"><span class='ocrx_word' id='word_1_4' title='bbox 185 204 280 283; x_wconf 81' lang='grc' dir='ltr'>ἄνδρες</span> <span class='ocrx_word' id='word_1_5' title='bbox 298 211 353 268; x_wconf 83' lang='grc' dir='ltr'>τῶν</span> <span class='ocrx_word' id='word_1_6' title='bbox 375 207 469 268; x_wconf 83' lang='grc' dir='ltr'>α’στῶν</span> <span class='ocrx_word' id='word_1_7' title='bbox 491 209 609 284; x_wconf 86' lang='grc' dir='ltr'>δόκιμοι,</span> <span class='ocrx_word' id='word_1_8' title='bbox 628 209 793 286; x_wconf 79' lang='grc' dir='ltr'>προδιδοῦσι</span> <span class='ocrx_word' id='word_1_9' title='bbox 814 214 892 272; x_wconf 78' lang='grc' dir='ltr'>τοῖσι</span> <span class='ocrx_word' id='word_1_10' title='bbox 913 213 987 290; x_wconf 83' lang='grc' dir='ltr'>Πέρ-</span> 
     </span>
     <span class='ocr_line' id='line_1_3' title="bbox 185 296 985 378; baseline 0.011 -24"><span class='ocrx_word' id='word_1_11' title='bbox 185 321 266 372; x_wconf 83' lang='grc' dir='ltr'>οησι·</span> <span class='ocrx_word' id='word_1_12' title='bbox 288 299 315 355; x_wconf 80' lang='grc' dir='ltr'>οἱ</span> <span class='ocrx_word' id='word_1_13' title='bbox 330 296 359 355; x_wconf 82' lang='grc' dir='ltr'>δὲ</span> <span class='ocrx_word' id='word_1_14' title='bbox 381 297 543 360; x_wconf 89' lang='grc' dir='ltr'>ἐσελθόντες</span> <span class='ocrx_word' id='word_1_15' title='bbox 558 303 584 360; x_wconf 84' lang='grc' dir='ltr'>ἐς</span> <span class='ocrx_word' id='word_1_16' title='bbox 597 297 649 374; x_wconf 77' lang='grc' dir='ltr'>τήν</span> <span class='ocrx_word' id='word_1_17' title='bbox 666 298 759 368; x_wconf 88' lang='grc' dir='ltr'>πόλιν,</span> <span class='ocrx_word' id='word_1_18' title='bbox 774 304 858 360; x_wconf 80' lang='grc' dir='ltr'>τοῦτο</span> <span class='ocrx_word' id='word_1_19' title='bbox 878 303 930 378; x_wconf 74' lang='grc' dir='ltr'>μὲν</span> <span class='ocrx_word' id='word_1_20' title='bbox 950 303 985 363; x_wconf 76' lang='grc' dir='ltr'>τά</span> 
     </span>
     <span class='ocr_line' id='line_1_4' title="bbox 187 383 987 463; baseline 0.01 -21"><span class='ocrx_word' id='word_1_21' title='bbox 187 383 233 460; x_wconf 79' lang='grc' dir='ltr'>ἱρὰ</span> <span class='ocrx_word' id='word_1_22' title='bbox 257 384 434 460; x_wconf 85' lang='grc' dir='ltr'>συλήσαντες</span> <span class='ocrx_word' id='word_1_23' title='bbox 461 387 617 462; x_wconf 76' lang='grc' dir='ltr'>ἐνέπρησαν</span> <span class='ocrx_word' id='word_1_24' title='bbox 644 385 856 463; x_wconf 82' lang='grc' dir='ltr'>άποτιννόμενοι</span> <span class='ocrx_word' id='word_1_25' title='bbox 878 393 934 448; x_wconf 80' lang='grc' dir='ltr'>τῶν</span> <span class='ocrx_word' id='word_1_26' title='bbox 956 395 987 450; x_wconf 87' lang='grc' dir='ltr'>ἐν</span> 
     </span>
     <span class='ocr_line' id='line_1_5' title="bbox 184 472 986 554; baseline 0.007 -24"><span class='ocrx_word' id='word_1_27' title='bbox 184 472 304 549; x_wconf 76' lang='grc' dir='ltr'>Σάρδισι</span> <span class='ocrx_word' id='word_1_28' title='bbox 325 474 548 534; x_wconf 79' lang='grc' dir='ltr'>κατακαυθέντων</span> <span class='ocrx_word' id='word_1_29' title='bbox 570 477 642 550; x_wconf 78' lang='grc' dir='ltr'>ἱρῶν,</span> <span class='ocrx_word' id='word_1_30' title='bbox 656 478 739 534; x_wconf 83' lang='grc' dir='ltr'>τοῦτο</span> <span class='ocrx_word' id='word_1_31' title='bbox 756 474 785 533; x_wconf 83' lang='grc' dir='ltr'>δέ</span> <span class='ocrx_word' id='word_1_32' title='bbox 802 475 868 539; x_wconf 71' lang='grc' dir='ltr'>τούς</span> <span class='ocrx_word' id='word_1_33' title='bbox 881 475 986 554; x_wconf 49' lang='lat' dir='ltr'><em>drop&amp;</em></span> 
     </span>
     <span class='ocr_line' id='line_1_6' title="bbox 182 560 923 639; baseline 0.007 -21"><span class='ocrx_word' id='word_1_34' title='bbox 182 585 251 624; x_wconf 87' lang='grc' dir='ltr'>πονς</span> <span class='ocrx_word' id='word_1_35' title='bbox 264 560 505 638; x_wconf 83' lang='grc' dir='ltr'>ἠνδραποδίσαντο</span> <span class='ocrx_word' id='word_1_36' title='bbox 520 563 590 622; x_wconf 79' lang='grc' dir='ltr'>κατά</span> <span class='ocrx_word' id='word_1_37' title='bbox 603 562 652 626; x_wconf 76' lang='grc' dir='ltr'>τοὶς</span> <span class='ocrx_word' id='word_1_38' title='bbox 666 563 786 639; x_wconf 85' lang='grc' dir='ltr'>Δαρείου</span> <span class='ocrx_word' id='word_1_39' title='bbox 800 563 923 627; x_wconf 85' lang='grc' dir='ltr'>ἐντολάς.</span> 
     </span>
     <span class='ocr_line' id='line_1_7' title="bbox 137 649 986 731; baseline 0.009 -25"><span class='ocrx_word' id='word_1_40' title='bbox 137 649 194 707; x_wconf 78' lang='lat'>102</span> <span class='ocrx_word' id='word_1_41' title='bbox 244 649 453 727; x_wconf 89' lang='grc' dir='ltr'>Χειρωσάμενοι</span> <span class='ocrx_word' id='word_1_42' title='bbox 471 651 501 709; x_wconf 85' lang='grc' dir='ltr'>δέ</span> <span class='ocrx_word' id='word_1_43' title='bbox 520 649 572 727; x_wconf 67' lang='grc' dir='ltr'>τήν</span> <span class='ocrx_word' id='word_1_44' title='bbox 589 650 732 728; x_wconf 86' lang='grc' dir='ltr'>Ἐρέτριαν</span> <span class='ocrx_word' id='word_1_45' title='bbox 751 651 797 709; x_wconf 87' lang='grc' dir='ltr'>καὶ</span> <span class='ocrx_word' id='word_1_46' title='bbox 818 651 986 731; x_wconf 79' lang='grc' dir='ltr'>ἐπισχόντες</span> 
     </span>
     <span class='ocr_line' id='line_1_8' title="bbox 183 735 985 820; baseline 0.005 -25"><span class='ocrx_word' id='word_1_47' title='bbox 183 735 282 818; x_wconf 81' lang='grc' dir='ltr'>ὀλίγας</span> <span class='ocrx_word' id='word_1_48' title='bbox 294 737 407 815; x_wconf 78' lang='grc' dir='ltr'>ἡμέρας,</span> <span class='ocrx_word' id='word_1_49' title='bbox 422 740 522 798; x_wconf 84' lang='grc' dir='ltr'>ἔπλεον</span> <span class='ocrx_word' id='word_1_50' title='bbox 539 745 566 803; x_wconf 82' lang='grc' dir='ltr'>ἐς</span> <span class='ocrx_word' id='word_1_51' title='bbox 581 739 633 815; x_wconf 71' lang='grc' dir='ltr'>τήν</span> <span class='ocrx_word' id='word_1_52' title='bbox 650 739 788 814; x_wconf 78' lang='grc' dir='ltr'>Ἀττικήν,</span> <span class='ocrx_word' id='word_1_53' title='bbox 804 741 985 820; x_wconf 80' lang='grc' dir='ltr'>κατέργοντές</span> 
     </span>
     <span class='ocr_line' id='line_1_9' title="bbox 183 826 984 902; baseline 0.01 -18"><span class='ocrx_word' id='word_1_54' title='bbox 183 851 214 885; x_wconf 90' lang='grc' dir='ltr'>τε</span> <span class='ocrx_word' id='word_1_55' title='bbox 237 826 357 897; x_wconf 80' lang='grc' dir='ltr'>πολλόν,</span> <span class='ocrx_word' id='word_1_56' title='bbox 383 828 428 884; x_wconf 85' lang='grc' dir='ltr'>καὶ</span> <span class='ocrx_word' id='word_1_57' title='bbox 452 827 592 891; x_wconf 85' lang='grc' dir='ltr'>δοκέοντες</span> <span class='ocrx_word' id='word_1_58' title='bbox 617 826 705 887; x_wconf 77' lang='grc' dir='ltr'>ταύτά</span> <span class='ocrx_word' id='word_1_59' title='bbox 733 827 797 890; x_wconf 75' lang='grc' dir='ltr'>τούς</span> <span class='ocrx_word' id='word_1_60' title='bbox 819 827 984 902; x_wconf 89' lang='grc' dir='ltr'>Ἀθηναίους</span> 
     </span>
     <span class='ocr_line' id='line_1_10' title="bbox 183 914 984 992; baseline 0.006 -21"><span class='ocrx_word' id='word_1_61' title='bbox 183 914 312 990; x_wconf 82' lang='grc' dir='ltr'>ποιήσειν</span> <span class='ocrx_word' id='word_1_62' title='bbox 333 915 368 974; x_wconf 80' lang='grc' dir='ltr'>τά</span> <span class='ocrx_word' id='word_1_63' title='bbox 391 915 436 974; x_wconf 86' lang='grc' dir='ltr'>καὶ</span> <span class='ocrx_word' id='word_1_64' title='bbox 457 915 521 978; x_wconf 79' lang='grc' dir='ltr'>τούς</span> <span class='ocrx_word' id='word_1_65' title='bbox 539 915 695 992; x_wconf 83' lang='grc' dir='ltr'>Ἐρετριέας</span> <span class='ocrx_word' id='word_1_66' title='bbox 714 915 859 992; x_wconf 85' lang='grc' dir='ltr'>ἐποίησαν·</span> <span class='ocrx_word' id='word_1_67' title='bbox 881 916 927 974; x_wconf 88' lang='grc' dir='ltr'>καὶ</span> <span class='ocrx_word' id='word_1_68' title='bbox 948 917 984 992; x_wconf 90' lang='grc' dir='ltr'>ἦν</span> 
     </span>
     <span class='ocr_line' id='line_1_11' title="bbox 182 1001 983 1083; baseline 0.001 -20"><span class='ocrx_word' id='word_1_69' title='bbox 182 1001 236 1083; x_wconf 75' lang='grc' dir='ltr'>γάρ</span> <span class='ocrx_word' id='word_1_70' title='bbox 257 1002 273 1063; x_wconf 83' lang='grc' dir='ltr'>ό</span> <span class='ocrx_word' id='word_1_71' title='bbox 294 1003 437 1081; x_wconf 79' lang='grc' dir='ltr'>Μαραθιδν</span> <span class='ocrx_word' id='word_1_72' title='bbox 458 1003 673 1080; x_wconf 64' lang='grc' dir='ltr'>ἐπιτηδεότατον</span> <span class='ocrx_word' id='word_1_73' title='bbox 693 1003 796 1082; x_wconf 86' lang='grc' dir='ltr'>χωρίον</span> <span class='ocrx_word' id='word_1_74' title='bbox 819 1007 870 1079; x_wconf 78' lang='grc' dir='ltr'>τῆς</span> <span class='ocrx_word' id='word_1_75' title='bbox 891 1003 983 1064; x_wconf 86' lang='grc' dir='ltr'>Ἀττι-</span> 
     </span>
     <span class='ocr_line' id='line_1_12' title="bbox 185 1090 981 1173; baseline -0.001 -20"><span class='ocrx_word' id='word_1_76' title='bbox 185 1095 234 1167; x_wconf 78' lang='grc' dir='ltr'>κῆς</span> <span class='ocrx_word' id='word_1_77' title='bbox 254 1095 419 1151; x_wconf 83' lang='grc' dir='ltr'>ἐνιππεῦσαι</span> <span class='ocrx_word' id='word_1_78' title='bbox 436 1092 481 1150; x_wconf 86' lang='grc' dir='ltr'>καὶ</span> <span class='ocrx_word' id='word_1_79' title='bbox 495 1090 641 1173; x_wconf 78' lang='grc' dir='ltr'>ἀγχοτάτω</span> <span class='ocrx_word' id='word_1_80' title='bbox 653 1096 704 1168; x_wconf 74' lang='grc' dir='ltr'>τῆς</span> <span class='ocrx_word' id='word_1_81' title='bbox 715 1091 864 1168; x_wconf 84' lang='grc' dir='ltr'>Ἐρετρίης,</span> <span class='ocrx_word' id='word_1_82' title='bbox 879 1096 906 1154; x_wconf 88' lang='grc' dir='ltr'>ἐς</span> <span class='ocrx_word' id='word_1_83' title='bbox 919 1097 981 1152; x_wconf 80' lang='grc' dir='ltr'>τοῦ·</span> 
     </span>
     <span class='ocr_line' id='line_1_13' title="bbox 135 1179 979 1261; baseline 0.005 -24"><span class='ocrx_word' id='word_1_84' title='bbox 135 1180 191 1238; x_wconf 87' lang='grc'>103</span> <span class='ocrx_word' id='word_1_85' title='bbox 202 1179 236 1239; x_wconf 89' lang='grc' dir='ltr'>τό</span> <span class='ocrx_word' id='word_1_86' title='bbox 249 1187 304 1256; x_wconf 92' lang='grc' dir='ltr'>σφι</span> <span class='ocrx_word' id='word_1_87' title='bbox 319 1181 469 1261; x_wconf 86' lang='grc' dir='ltr'>κατηγέετο</span> <span class='ocrx_word' id='word_1_88' title='bbox 482 1179 592 1256; x_wconf 88' lang='grc' dir='ltr'>Ἱππίης</span> <span class='ocrx_word' id='word_1_89' title='bbox 606 1179 859 1256; x_wconf 85' lang='grc' dir='ltr'>ὁΠεισιστράτεω.“</span> <span class='ocrx_word' id='word_1_90' title='bbox 897 1179 979 1257; x_wconf 85' lang='grc' dir='ltr'>Ἀθη-</span> 
     </span>
     <span class='ocr_line' id='line_1_14' title="bbox 181 1267 980 1344; baseline 0.009 -19"><span class='ocrx_word' id='word_1_91' title='bbox 181 1271 253 1326; x_wconf 82' lang='grc' dir='ltr'>ναῖοι</span> <span class='ocrx_word' id='word_1_92' title='bbox 273 1269 303 1327; x_wconf 84' lang='grc' dir='ltr'>δὲ</span> <span class='ocrx_word' id='word_1_93' title='bbox 318 1269 352 1331; x_wconf 80' lang='grc' dir='ltr'>ὦς</span> <span class='ocrx_word' id='word_1_94' title='bbox 366 1267 499 1328; x_wconf 80' lang='grc' dir='ltr'>ἐπίθοντο</span> <span class='ocrx_word' id='word_1_95' title='bbox 519 1273 615 1338; x_wconf 87' lang='grc' dir='ltr'>ταῦτα,</span> <span class='ocrx_word' id='word_1_96' title='bbox 631 1267 767 1344; x_wconf 75' lang='grc' dir='ltr'>ἐβοήθεον</span> <span class='ocrx_word' id='word_1_97' title='bbox 788 1269 834 1326; x_wconf 86' lang='grc' dir='ltr'>καὶ</span> <span class='ocrx_word' id='word_1_98' title='bbox 854 1268 932 1328; x_wconf 76' lang='grc' dir='ltr'>αὐτοὶ</span> <span class='ocrx_word' id='word_1_99' title='bbox 953 1275 980 1332; x_wconf 84' lang='grc' dir='ltr'>ἐς</span> 
     </span>
     <span class='ocr_line' id='line_1_15' title="bbox 179 1354 979 1438; baseline 0.004 -24"><span class='ocrx_word' id='word_1_100' title='bbox 179 1354 229 1415; x_wconf 81' lang='grc' dir='ltr'>τόν</span> <span class='ocrx_word' id='word_1_101' title='bbox 242 1357 414 1432; x_wconf 76' lang='grc' dir='ltr'>Μαραθῶνα·</span> <span class='ocrx_word' id='word_1_102' title='bbox 435 1355 505 1438; x_wconf 83' lang='grc' dir='ltr'>ἦγον</span> <span class='ocrx_word' id='word_1_103' title='bbox 519 1357 550 1415; x_wconf 92' lang='grc' dir='ltr'>δέ</span> <span class='ocrx_word' id='word_1_104' title='bbox 562 1363 654 1432; x_wconf 89' lang='grc' dir='ltr'>σφεας</span> <span class='ocrx_word' id='word_1_105' title='bbox 667 1357 821 1437; x_wconf 86' lang='grc' dir='ltr'>στρατηγοὶ</span> <span class='ocrx_word' id='word_1_106' title='bbox 837 1355 910 1426; x_wconf 88' lang='grc' dir='ltr'>δέκα,</span> <span class='ocrx_word' id='word_1_107' title='bbox 924 1361 979 1417; x_wconf 77' lang='grc' dir='ltr'>τῶν</span> 
     </span>
     <span class='ocr_line' id='line_1_16' title="bbox 180 1442 978 1522; baseline 0.001 -19"><span class='ocrx_word' id='word_1_108' title='bbox 180 1442 196 1503; x_wconf 81' lang='grc' dir='ltr'>ὁ</span> <span class='ocrx_word' id='word_1_109' title='bbox 218 1444 330 1507; x_wconf 84' lang='grc' dir='ltr'>δέκατος</span> <span class='ocrx_word' id='word_1_110' title='bbox 351 1443 385 1519; x_wconf 88' lang='grc' dir='ltr'>ἦν</span> <span class='ocrx_word' id='word_1_111' title='bbox 406 1444 573 1520; x_wconf 82' lang='grc' dir='ltr'>Μιλτιάδης·</span> <span class='ocrx_word' id='word_1_112' title='bbox 594 1448 644 1503; x_wconf 81' lang='grc' dir='ltr'>τοῦ</span> <span class='ocrx_word' id='word_1_113' title='bbox 665 1443 714 1504; x_wconf 87' lang='grc' dir='ltr'>τδν</span> <span class='ocrx_word' id='word_1_114' title='bbox 735 1444 842 1520; x_wconf 90' lang='grc' dir='ltr'>πατέρα</span> <span class='ocrx_word' id='word_1_115' title='bbox 863 1445 978 1522; x_wconf 90' lang='grc' dir='ltr'>Κίμωνα</span> 
     </span>
     <span class='ocr_line' id='line_1_17' title="bbox 179 1529 976 1613; baseline 0.003 -23"><span class='ocrx_word' id='word_1_116' title='bbox 179 1529 428 1612; x_wconf 76' lang='grc' dir='ltr'>τόν-Στησαγόρεω</span> <span class='ocrx_word' id='word_1_117' title='bbox 449 1533 591 1608; x_wconf 85' lang='grc' dir='ltr'>κατέλαβε</span> <span class='ocrx_word' id='word_1_118' title='bbox 605 1535 705 1613; x_wconf 82' lang='grc' dir='ltr'>φυγεῖν</span> <span class='ocrx_word' id='word_1_119' title='bbox 719 1531 749 1600; x_wconf 81' lang='grc' dir='ltr'>ἐξ</span> <span class='ocrx_word' id='word_1_120' title='bbox 760 1530 898 1608; x_wconf 86' lang='grc' dir='ltr'>Ἀθηνέων</span> <span class='ocrx_word' id='word_1_121' title='bbox 912 1539 976 1592; x_wconf 87' lang='grc' dir='ltr'>Πει-</span> 
     </span>
     <span class='ocr_line' id='line_1_18' title="bbox 180 1619 978 1701; baseline 0.004 -23"><span class='ocrx_word' id='word_1_122' title='bbox 180 1619 335 1695; x_wconf 90' lang='grc' dir='ltr'>σίστρατον</span> <span class='ocrx_word' id='word_1_123' title='bbox 359 1620 409 1680; x_wconf 82' lang='grc' dir='ltr'>τόν</span> <span class='ocrx_word' id='word_1_124' title='bbox 435 1619 641 1696; x_wconf 82' lang='grc' dir='ltr'>Ἱπποκράτεος·</span> <span class='ocrx_word' id='word_1_125' title='bbox 673 1619 718 1678; x_wconf 81' lang='grc' dir='ltr'>καὶ</span> <span class='ocrx_word' id='word_1_126' title='bbox 745 1619 817 1698; x_wconf 71' lang='grc' dir='ltr'>αὐτῷ</span> <span class='ocrx_word' id='word_1_127' title='bbox 846 1620 978 1701; x_wconf 76' lang='grc' dir='ltr'>φεύγοντι</span> 
     </span>
     <span class='ocr_line' id='line_1_19' title="bbox 180 1705 977 1787; baseline 0 -21"><span class='ocrx_word' id='word_1_128' title='bbox 180 1705 340 1784; x_wconf 82' lang='grc' dir='ltr'>ὀλυμπιάδα</span> <span class='ocrx_word' id='word_1_129' title='bbox 361 1707 511 1768; x_wconf 74' lang='grc' dir='ltr'>ἀνελέσθαι</span> <span class='ocrx_word' id='word_1_130' title='bbox 524 1709 665 1787; x_wconf 92' lang='grc' dir='ltr'>τεθρίππῳ</span> <span class='ocrx_word' id='word_1_131' title='bbox 679 1709 796 1784; x_wconf 87' lang='grc' dir='ltr'>συνέβη,</span> <span class='ocrx_word' id='word_1_132' title='bbox 811 1708 856 1766; x_wconf 83' lang='grc' dir='ltr'>καὶ</span> <span class='ocrx_word' id='word_1_133' title='bbox 875 1709 977 1785; x_wconf 75' lang='grc' dir='ltr'>ταύτην</span> 
     </span>
     <span class='ocr_line' id='line_1_20' title="bbox 178 1795 977 1873; baseline 0.003 -19"><span class='ocrx_word' id='word_1_134' title='bbox 178 1797 230 1873; x_wconf 76' lang='grc' dir='ltr'>μὲν</span> <span class='ocrx_word' id='word_1_135' title='bbox 250 1795 302 1873; x_wconf 74' lang='grc' dir='ltr'>τὴν</span> <span class='ocrx_word' id='word_1_136' title='bbox 323 1798 401 1873; x_wconf 91' lang='grc' dir='ltr'>νίκην</span> <span class='ocrx_word' id='word_1_137' title='bbox 421 1795 588 1873; x_wconf 86' lang='grc' dir='ltr'>άνελόμενόν</span> <span class='ocrx_word' id='word_1_138' title='bbox 608 1823 657 1872; x_wconf 90' lang='grc' dir='ltr'>μιν</span> <span class='ocrx_word' id='word_1_139' title='bbox 679 1795 766 1855; x_wconf 79' lang='grc' dir='ltr'>τιίυτδ</span> <span class='ocrx_word' id='word_1_140' title='bbox 791 1796 977 1865; x_wconf 84' lang='grc' dir='ltr'>ἐξενείκασθαι</span> 
     </span>
     <span class='ocr_line' id='line_1_21' title="bbox 179 1884 978 1966; baseline -0.001 -23"><span class='ocrx_word' id='word_1_141' title='bbox 179 1888 217 1963; x_wconf 79' lang='grc' dir='ltr'>τῷ</span> <span class='ocrx_word' id='word_1_142' title='bbox 248 1884 408 1966; x_wconf 78' lang='grc' dir='ltr'>ὁμομητρίῳ</span> <span class='ocrx_word' id='word_1_143' title='bbox 439 1884 567 1963; x_wconf 76' lang='grc' dir='ltr'>άδελφεῷ</span> <span class='ocrx_word' id='word_1_144' title='bbox 593 1884 751 1962; x_wconf 86' lang='grc' dir='ltr'>Μιλτιάδη·</span> <span class='ocrx_word' id='word_1_145' title='bbox 779 1884 850 1961; x_wconf 81' lang='grc' dir='ltr'>μετά</span> <span class='ocrx_word' id='word_1_146' title='bbox 877 1884 914 1954; x_wconf 79' lang='grc' dir='ltr'>δὲ,</span> <span class='ocrx_word' id='word_1_147' title='bbox 942 1890 978 1965; x_wconf 75' lang='grc' dir='ltr'>τῇ</span> 
     </span>
     <span class='ocr_line' id='line_1_22' title="bbox 179 1972 977 2053; baseline 0 -21"><span class='ocrx_word' id='word_1_148' title='bbox 179 1972 282 2053; x_wconf 73' lang='grc' dir='ltr'>ὑστέρη</span> <span class='ocrx_word' id='word_1_149' title='bbox 302 1973 454 2052; x_wconf 82' lang='grc' dir='ltr'>ὀλυμπιάδι</span> <span class='ocrx_word' id='word_1_150' title='bbox 473 1977 540 2052; x_wconf 82' lang='grc' dir='ltr'>τῇσι</span> <span class='ocrx_word' id='word_1_151' title='bbox 554 1973 657 2051; x_wconf 78' lang='grc' dir='ltr'>αὐτῇσι</span> <span class='ocrx_word' id='word_1_152' title='bbox 671 1973 783 2032; x_wconf 79' lang='grc' dir='ltr'>ἵπποισι</span> <span class='ocrx_word' id='word_1_153' title='bbox 797 1975 877 2031; x_wconf 81' lang='grc' dir='ltr'>νικῶν</span> <span class='ocrx_word' id='word_1_154' title='bbox 889 1999 977 2051; x_wconf 90' lang='grc' dir='ltr'>παρα-</span> 
     </span>
     <span class='ocr_line' id='line_1_23' title="bbox 180 2059 978 2140; baseline 0.004 -20"><span class='ocrx_word' id='word_1_155' title='bbox 180 2061 251 2136; x_wconf 80' lang='grc' dir='ltr'>διδοῖ</span> <span class='ocrx_word' id='word_1_156' title='bbox 273 2061 470 2140; x_wconf 85' lang='grc' dir='ltr'>Πεισιστράτῳ</span> <span class='ocrx_word' id='word_1_157' title='bbox 496 2060 728 2140; x_wconf 77' lang='grc' dir='ltr'>ἀνακηρυχθῆναι,</span> <span class='ocrx_word' id='word_1_158' title='bbox 754 2061 800 2118; x_wconf 85' lang='grc' dir='ltr'>καὶ</span> <span class='ocrx_word' id='word_1_159' title='bbox 822 2059 874 2136; x_wconf 73' lang='grc' dir='ltr'>τὴν</span> <span class='ocrx_word' id='word_1_160' title='bbox 899 2061 978 2138; x_wconf 86' lang='grc' dir='ltr'>νίκην</span> 
     </span>
     <span class='ocr_line' id='line_1_24' title="bbox 178 2147 977 2229; baseline 0.005 -23"><span class='ocrx_word' id='word_1_161' title='bbox 178 2150 274 2226; x_wconf 82' lang='grc' dir='ltr'>παρεὶς</span> <span class='ocrx_word' id='word_1_162' title='bbox 293 2149 381 2229; x_wconf 83' lang='grc' dir='ltr'>τούτῳ</span> <span class='ocrx_word' id='word_1_163' title='bbox 403 2150 525 2225; x_wconf 75' lang='grc' dir='ltr'>κατῆλθε</span> <span class='ocrx_word' id='word_1_164' title='bbox 547 2149 592 2208; x_wconf 83' lang='grc' dir='ltr'>ἐπὶ</span> <span class='ocrx_word' id='word_1_165' title='bbox 612 2148 647 2208; x_wconf 87' lang='grc' dir='ltr'>τοὶ</span> <span class='ocrx_word' id='word_1_166' title='bbox 669 2152 768 2228; x_wconf 82' lang='grc' dir='ltr'>ἑωυτοῦ</span> <span class='ocrx_word' id='word_1_167' title='bbox 788 2147 977 2215; x_wconf 73' lang='grc' dir='ltr'>ὑπόσπονδος·</span> 
     </span>
     <span class='ocr_line' id='line_1_25' title="bbox 179 2236 978 2316; baseline 0.005 -20"><span class='ocrx_word' id='word_1_168' title='bbox 179 2240 228 2296; x_wconf 91' lang='grc' dir='ltr'>καί</span> <span class='ocrx_word' id='word_1_169' title='bbox 250 2264 299 2313; x_wconf 90' lang='grc' dir='ltr'>μιν</span> <span class='ocrx_word' id='word_1_170' title='bbox 325 2236 493 2313; x_wconf 72' lang='grc' dir='ltr'>ἀνελόμενον</span> <span class='ocrx_word' id='word_1_171' title='bbox 521 2240 589 2315; x_wconf 78' lang='grc' dir='ltr'>τῇσι</span> <span class='ocrx_word' id='word_1_172' title='bbox 616 2237 718 2316; x_wconf 78' lang='grc' dir='ltr'>αὐτῇσι</span> <span class='ocrx_word' id='word_1_173' title='bbox 746 2237 858 2296; x_wconf 86' lang='grc' dir='ltr'>ἵπποισι</span> <span class='ocrx_word' id='word_1_174' title='bbox 884 2236 978 2316; x_wconf 77' lang='grc' dir='ltr'>ἄλλην</span> 
     </span>
     <span class='ocr_line' id='line_1_26' title="bbox 178 2324 978 2402; baseline 0.001 -17"><span class='ocrx_word' id='word_1_175' title='bbox 178 2325 338 2402; x_wconf 82' lang='grc' dir='ltr'>ὀλυμπιάδα</span> <span class='ocrx_word' id='word_1_176' title='bbox 368 2327 509 2402; x_wconf 87' lang='grc' dir='ltr'>κατέλαβε</span> <span class='ocrx_word' id='word_1_177' title='bbox 538 2324 689 2386; x_wconf 86' lang='grc' dir='ltr'>α’ποθανεῖν</span> <span class='ocrx_word' id='word_1_178' title='bbox 714 2324 769 2384; x_wconf 74' lang='grc' dir='ltr'>ὕττό</span> <span class='ocrx_word' id='word_1_179' title='bbox 796 2329 851 2386; x_wconf 79' lang='grc' dir='ltr'>τῶν</span> <span class='ocrx_word' id='word_1_180' title='bbox 879 2333 978 2386; x_wconf 89' lang='grc' dir='ltr'>Πεισι-</span> 
     </span>
     <span class='ocr_line' id='line_1_27' title="bbox 178 2412 979 2490; baseline 0.004 -18"><span class='ocrx_word' id='word_1_181' title='bbox 178 2413 300 2490; x_wconf 86' lang='grc' dir='ltr'>στράτου</span> <span class='ocrx_word' id='word_1_182' title='bbox 327 2414 440 2484; x_wconf 89' lang='grc' dir='ltr'>παίδων,</span> <span class='ocrx_word' id='word_1_183' title='bbox 468 2412 560 2473; x_wconf 78' lang='grc' dir='ltr'>οάκέτι</span> <span class='ocrx_word' id='word_1_184' title='bbox 585 2413 741 2490; x_wconf 87' lang='grc' dir='ltr'>περιεόντος</span> <span class='ocrx_word' id='word_1_185' title='bbox 766 2412 851 2474; x_wconf 75' lang='grc' dir='ltr'>αὐτοῦ</span> <span class='ocrx_word' id='word_1_186' title='bbox 880 2419 979 2475; x_wconf 81' lang='grc' dir='ltr'>Πεισι·</span> 
     </span>
     <span class='ocr_line' id='line_1_28' title="bbox 178 2499 978 2580; baseline 0.004 -19"><span class='ocrx_word' id='word_1_187' title='bbox 178 2501 309 2578; x_wconf 87' lang='grc' dir='ltr'>στράτου·</span> <span class='ocrx_word' id='word_1_188' title='bbox 324 2503 462 2562; x_wconf 89' lang='grc' dir='ltr'>κτείνουσι</span> <span class='ocrx_word' id='word_1_189' title='bbox 476 2501 505 2560; x_wconf 87' lang='grc' dir='ltr'>δὲ</span> <span class='ocrx_word' id='word_1_190' title='bbox 519 2499 598 2561; x_wconf 85' lang='grc' dir='ltr'>οὗτοί</span> <span class='ocrx_word' id='word_1_191' title='bbox 609 2527 657 2578; x_wconf 89' lang='grc' dir='ltr'>μιν</span> <span class='ocrx_word' id='word_1_192' title='bbox 671 2501 740 2561; x_wconf 81' lang='grc' dir='ltr'>κατά</span> <span class='ocrx_word' id='word_1_193' title='bbox 754 2501 786 2562; x_wconf 86' lang='grc' dir='ltr'>τδ</span> <span class='ocrx_word' id='word_1_194' title='bbox 800 2503 978 2580; x_wconf 84' lang='grc' dir='ltr'>πρυτανήϊον,</span> 
     </span>
     <span class='ocr_line' id='line_1_29' title="bbox 178 2588 979 2668; baseline 0.002 -18"><span class='ocrx_word' id='word_1_195' title='bbox 178 2589 274 2652; x_wconf 83' lang='grc' dir='ltr'>νυκτός</span> <span class='ocrx_word' id='word_1_196' title='bbox 286 2589 449 2653; x_wconf 74' lang='grc' dir='ltr'>θπείσαντες</span> <span class='ocrx_word' id='word_1_197' title='bbox 463 2588 570 2666; x_wconf 80' lang='grc' dir='ltr'>ἄνδρας.</span> <span class='ocrx_word' id='word_1_198' title='bbox 612 2590 747 2649; x_wconf 88' lang='grc' dir='ltr'>τέθαπται</span> <span class='ocrx_word' id='word_1_199' title='bbox 766 2590 795 2648; x_wconf 85' lang='grc' dir='ltr'>δέ</span> <span class='ocrx_word' id='word_1_200' title='bbox 810 2590 908 2666; x_wconf 89' lang='grc' dir='ltr'>Κίμων</span> <span class='ocrx_word' id='word_1_201' title='bbox 923 2592 979 2668; x_wconf 83' lang='grc' dir='ltr'>πρό</span> 
     </span>
     <span class='ocr_line' id='line_1_30' title="bbox 174 2676 979 2760; baseline 0 -22"><span class='ocrx_word' id='word_1_202' title='bbox 174 2682 227 2760; x_wconf 79' lang='grc' dir='ltr'>τοῦ</span> <span class='ocrx_word' id='word_1_203' title='bbox 247 2676 356 2747; x_wconf 83' lang='grc' dir='ltr'>άστεος,</span> <span class='ocrx_word' id='word_1_204' title='bbox 370 2678 457 2756; x_wconf 91' lang='grc' dir='ltr'>πέρην</span> <span class='ocrx_word' id='word_1_205' title='bbox 470 2681 520 2753; x_wconf 81' lang='grc' dir='ltr'>τῆς</span> <span class='ocrx_word' id='word_1_206' title='bbox 534 2677 578 2736; x_wconf 87' lang='grc' dir='ltr'>διαὶ</span> <span class='ocrx_word' id='word_1_207' title='bbox 593 2679 701 2754; x_wconf 86' lang='grc' dir='ltr'>Κοίλης</span> <span class='ocrx_word' id='word_1_208' title='bbox 715 2679 885 2755; x_wconf 89' lang='grc' dir='ltr'>καλεομένης</span> <span class='ocrx_word' id='word_1_209' title='bbox 902 2679 979 2738; x_wconf 83' lang='grc' dir='ltr'>ὁδοῦ·</span> 
     </span>
     <span class='ocr_line' id='line_1_31' title="bbox 178 2764 979 2844; baseline 0.001 -19"><span class='ocrx_word' id='word_1_210' title='bbox 178 2767 323 2826; x_wconf 88' lang='grc' dir='ltr'>καταντίον</span> <span class='ocrx_word' id='word_1_211' title='bbox 333 2765 356 2825; x_wconf 82' lang='grc' dir='ltr'>δ’</span> <span class='ocrx_word' id='word_1_212' title='bbox 367 2765 451 2825; x_wconf 76' lang='grc' dir='ltr'>αὐτοῦ</span> <span class='ocrx_word' id='word_1_213' title='bbox 466 2769 494 2824; x_wconf 84' lang='grc' dir='ltr'>αἱ</span> <span class='ocrx_word' id='word_1_214' title='bbox 509 2767 589 2825; x_wconf 83' lang='grc' dir='ltr'>ἵπποι</span> <span class='ocrx_word' id='word_1_215' title='bbox 603 2765 758 2841; x_wconf 88' lang='grc' dir='ltr'>τεθάφαται</span> <span class='ocrx_word' id='word_1_216' title='bbox 772 2764 853 2826; x_wconf 82' lang='grc' dir='ltr'>αὗται</span> <span class='ocrx_word' id='word_1_217' title='bbox 864 2770 893 2826; x_wconf 83' lang='grc' dir='ltr'>αἱ</span> <span class='ocrx_word' id='word_1_218' title='bbox 905 2771 979 2844; x_wconf 84' lang='grc' dir='ltr'>τρεῖς</span> 
     </span>
     <span class='ocr_line' id='line_1_32' title="bbox 177 2853 980 2932; baseline 0.001 -19"><span class='ocrx_word' id='word_1_219' title='bbox 177 2854 351 2932; x_wconf 87' lang='grc' dir='ltr'>ὀλυμπιάδας</span> <span class='ocrx_word' id='word_1_220' title='bbox 365 2853 539 2930; x_wconf 78' lang='grc' dir='ltr'>ἀνελόμεναι.</span> <span class='ocrx_word' id='word_1_221' title='bbox 580 2853 716 2930; x_wconf 82' lang='grc' dir='ltr'>ἐποιήσαν</span> <span class='ocrx_word' id='word_1_222' title='bbox 730 2854 819 2913; x_wconf 77' lang='grc' dir='ltr'>δὲκαὶ</span> <span class='ocrx_word' id='word_1_223' title='bbox 833 2853 920 2914; x_wconf 74' lang='grc' dir='ltr'>ἄλλοι</span> <span class='ocrx_word' id='word_1_224' title='bbox 935 2855 980 2914; x_wconf 85' lang='grc' dir='ltr'>ἵπ-</span> 
     </span>
     <span class='ocr_line' id='line_1_33' title="bbox 177 2941 980 3021; baseline 0.002 -21"><span class='ocrx_word' id='word_1_225' title='bbox 177 2969 227 3001; x_wconf 90' lang='grc' dir='ltr'>ποι</span> <span class='ocrx_word' id='word_1_226' title='bbox 244 2941 297 3017; x_wconf 82' lang='grc' dir='ltr'>ἤδη</span> <span class='ocrx_word' id='word_1_227' title='bbox 315 2941 402 3000; x_wconf 79' lang='grc' dir='ltr'>τώυτό</span> <span class='ocrx_word' id='word_1_228' title='bbox 421 2946 513 3010; x_wconf 83' lang='grc' dir='ltr'>τοῦτο,</span> <span class='ocrx_word' id='word_1_229' title='bbox 527 2941 675 3021; x_wconf 79' lang='grc' dir='ltr'>Εὐαγόρεω</span> <span class='ocrx_word' id='word_1_230' title='bbox 691 2943 831 3006; x_wconf 88' lang='grc' dir='ltr'>Λάκωνος·</span> <span class='ocrx_word' id='word_1_231' title='bbox 852 2943 930 3001; x_wconf 90' lang='grc' dir='ltr'>πλέω</span> <span class='ocrx_word' id='word_1_232' title='bbox 949 2944 980 3002; x_wconf 85' lang='grc' dir='ltr'>δὲ</span> 
     </span>
     <span class='ocr_line' id='line_1_34' title="bbox 176 3025 980 3108; baseline 0.002 -20"><span class='ocrx_word' id='word_1_233' title='bbox 176 3025 302 3098; x_wconf 79' lang='grc' dir='ltr'>τουτέων,</span> <span class='ocrx_word' id='word_1_234' title='bbox 317 3028 445 3104; x_wconf 76' lang='grc' dir='ltr'>οὐδαμαί.</span> <span class='ocrx_word' id='word_1_235' title='bbox 487 3027 503 3087; x_wconf 82' lang='grc' dir='ltr'>ὁ</span> <span class='ocrx_word' id='word_1_236' title='bbox 515 3031 567 3104; x_wconf 84' lang='grc' dir='ltr'>μὲν</span> <span class='ocrx_word' id='word_1_237' title='bbox 582 3029 615 3102; x_wconf 81' lang='grc' dir='ltr'>δη</span> <span class='ocrx_word' id='word_1_238' title='bbox 629 3031 823 3108; x_wconf 82' lang='grc' dir='ltr'>πρεσβύτερος</span> <span class='ocrx_word' id='word_1_239' title='bbox 841 3035 895 3091; x_wconf 84' lang='grc' dir='ltr'>τῶν</span> <span class='ocrx_word' id='word_1_240' title='bbox 915 3033 980 3090; x_wconf 90' lang='grc' dir='ltr'>παί-</span> 
     </span>
     <span class='ocr_line' id='line_1_35' title="bbox 177 3115 981 3200; baseline 0.004 -25"><span class='ocrx_word' id='word_1_241' title='bbox 177 3116 230 3176; x_wconf 88' lang='grc' dir='ltr'>δων</span> <span class='ocrx_word' id='word_1_242' title='bbox 249 3121 287 3194; x_wconf 77' lang='grc' dir='ltr'>τῷ</span> <span class='ocrx_word' id='word_1_243' title='bbox 300 3117 408 3192; x_wconf 89' lang='grc' dir='ltr'>Κίμωνι</span> <span class='ocrx_word' id='word_1_244' title='bbox 423 3115 606 3195; x_wconf 78' lang='grc' dir='ltr'>Στησαγόρης</span> <span class='ocrx_word' id='word_1_245' title='bbox 626 3116 661 3190; x_wconf 85' lang='grc' dir='ltr'>ἦν</span> <span class='ocrx_word' id='word_1_246' title='bbox 681 3123 830 3192; x_wconf 85' lang='grc' dir='ltr'>τηνικαῦτα</span> <span class='ocrx_word' id='word_1_247' title='bbox 851 3119 927 3196; x_wconf 74' lang='grc' dir='ltr'>παρὰ</span> <span class='ocrx_word' id='word_1_248' title='bbox 941 3125 981 3200; x_wconf 76' lang='grc' dir='ltr'>τῷ</span> 
     </span>
     <span class='ocr_line' id='line_1_36' title="bbox 176 3202 980 3286; baseline 0.007 -24"><span class='ocrx_word' id='word_1_249' title='bbox 176 3203 271 3282; x_wconf 87' lang='grc' dir='ltr'>πάτρῳ</span> <span class='ocrx_word' id='word_1_250' title='bbox 293 3203 436 3280; x_wconf 84' lang='grc' dir='ltr'>Μιλτιάδη</span> <span class='ocrx_word' id='word_1_251' title='bbox 457 3202 627 3279; x_wconf 90' lang='grc' dir='ltr'>τρεφόμενος</span> <span class='ocrx_word' id='word_1_252' title='bbox 650 3209 678 3262; x_wconf 92' lang='grc' dir='ltr'>ἐν</span> <span class='ocrx_word' id='word_1_253' title='bbox 699 3209 734 3282; x_wconf 78' lang='grc' dir='ltr'>τῇ</span> <span class='ocrx_word' id='word_1_254' title='bbox 756 3207 940 3286; x_wconf 82' lang='grc' dir='ltr'>Χερσονήσῳ·</span> <span class='ocrx_word' id='word_1_255' title='bbox 963 3209 980 3268; x_wconf 85' lang='grc' dir='ltr'>ὁ</span> 
     </span>
     <span class='ocr_line' id='line_1_37' title="bbox 178 3289 981 3374; baseline 0.006 -26"><span class='ocrx_word' id='word_1_256' title='bbox 178 3290 207 3348; x_wconf 79' lang='grc' dir='ltr'>δὲ</span> <span class='ocrx_word' id='word_1_257' title='bbox 221 3290 350 3362; x_wconf 78' lang='grc' dir='ltr'>νεώτερος</span> <span class='ocrx_word' id='word_1_258' title='bbox 363 3289 427 3365; x_wconf 79' lang='grc' dir='ltr'>παρ’</span> <span class='ocrx_word' id='word_1_259' title='bbox 442 3289 513 3367; x_wconf 76' lang='grc' dir='ltr'>αὐτῷ</span> <span class='ocrx_word' id='word_1_260' title='bbox 528 3290 635 3364; x_wconf 86' lang='grc' dir='ltr'>Κίμωνι</span> <span class='ocrx_word' id='word_1_261' title='bbox 652 3295 680 3348; x_wconf 86' lang='grc' dir='ltr'>ἐν</span> <span class='ocrx_word' id='word_1_262' title='bbox 694 3290 839 3370; x_wconf 78' lang='grc' dir='ltr'>Ἀθήνησι,</span> <span class='ocrx_word' id='word_1_263' title='bbox 853 3293 981 3374; x_wconf 79' lang='grc' dir='ltr'>τοῦνομα</span> 
     </span>
    </p>
   </div>
   <div class='ocr_carea' id='block_1_2' title="bbox 0 0 1142 3554">
    <p class='ocr_par' dir='ltr' id='par_1_2' title="bbox 0 0 1142 3554">
     <span class='ocr_line' id='line_1_38' title="bbox 0 0 1142 3554; baseline 0 2"><span class='ocrx_word' id='word_1_264' title='bbox 0 0 1142 3554; x_wconf 95' lang='lat' dir='ltr'> </span> 
     </span>
    </p>
   </div>
  </div>
 </body>
</html>
