2276 3554
154 125 296 191 ιιι-ιιι]
494 127 607 177 amn.
901 125 948 174 ιιι

150 207 288 283 προτέρου
300 204 404 265 τούτων
416 205 450 264 τό
463 205 619 285 ἐργάσαντο
632 207 661 264 αἱ
673 207 799 284 γυναῖκες
811 202 876 266 τοῖς
892 201 950 279 ἅμα

150 292 254 352 Θόαντι
274 291 374 370 ἄνδρας
394 294 547 369 σφετέρους
567 291 775 362 α’ποκτείνασαι,
790 290 950 368 νενόμισται

150 377 203 438 ivd
222 379 274 455 τήν
292 379 418 439 Ἑλλάδα
439 379 474 440 vd
497 381 618 459 σχέτλια
639 381 706 460 ἔργα
727 379 818 439 πάντα
835 379 947 456 Λήμνια

149 469 312 528 καλέεσθαι.
355 467 552 528 Ἀποκτείνασι
584 467 614 527 δὲ
641 471 718 528 τοῖσι
745 468 995 548 Πελασγοῖσι139

148 554 213 619 τοῖς
235 557 389 634 σφετέρους
411 554 513 618 παῖδάς
534 581 566 616 τε
589 556 635 614 καὶ
657 558 795 636 γυναῖκας,
820 552 882 614 οὔτε
908 557 946 634 γῆ

149 643 258 720 καρπὸν
275 645 357 722 ἔφερε
375 642 439 704 οὕτε
456 644 582 724 γυναῖκές
599 669 630 704 τε
649 644 694 702 καὶ
715 646 831 720 ποῖμναι
848 641 949 719 ὁμοίως

148 732 256 792 ἔτικτον
266 733 311 792 καὶ
321 733 377 810 πρὸ
387 737 447 792 ποῦ’·
465 731 622 808 πιεζόμενοι
635 732 665 792 δέ
678 735 752 810 λιμῷ
763 757 794 790 τε
809 730 855 789 καὶ
868 730 948 790 ἆται·
1025 759 1029 764 ’

148 819 201 899 δίη,
213 825 241 883 ἐς
251 820 384 898 Δελφοῖς
395 822 519 899 ἔπεμπον
532 819 618 880 λύσιν
629 819 690 880 τινὰ
704 819 882 896 αἰτησόμενοι
895 822 949 878 τοῖν

147 908 307 984 παρεόντων
323 912 422 969 κακοῖν·
443 909 462 985 ἦ
480 908 509 968 δέ
523 909 617 984 Πυθίη
638 909 730 984 σφέας
746 909 854 967 ἐκέλευε
866 906 948 984 Ἀθη-

148 997 253 1056 ναίοισι
273 997 351 1060 δίκας
364 997 468 1057 διδόναι
481 996 582 1059 ταύτας
595 996 645 1059 τοῖς
658 995 692 1056 ἂν
708 995 786 1056 αὐτοὶ
805 994 950 1070 Ἀθηναῖοι

147 1083 295 1144 δικάσωσι·
316 1085 406 1161 ἦλθόν
419 1111 450 1144 τε
464 1084 498 1160 δη
513 1089 540 1148 ἐς
553 1085 603 1148 ταῖς
615 1083 735 1160 Ἀθήνας
749 1087 775 1143 οῖ
789 1083 947 1163 Πελασγοὶ,

148 1172 194 1229 καὶ
215 1172 293 1236 δίκας
310 1174 521 1254 ἐπαγγέλλοντο
535 1172 707 1249 βουλόμενοι
727 1171 832 1231 διδόναι
844 1170 948 1233 παντός

146 1263 198 1318 τοῦ
215 1259 394 1338 α’δικήματος·
414 1259 559 1336 Ἀθηναῖοι
574 1260 603 1319 δὲ
617 1265 646 1319 ἐν
659 1264 697 1339 τῷ
710 1259 867 1337 πρυτανηίῳ
889 1259 946 1317 κλί·

147 1372 198 1423 νην
218 1348 397 1426 στριίσαντες
418 1348 454 1412 οῖς
475 1348 552 1427 εἶχον
573 1347 724 1418 κάλλιστα,
744 1348 789 1406 καὶ
809 1347 948 1424 τράπεζαν

147 1436 284 1513 ἐπιπλέην
298 1436 409 1518 ἅγαθιῖν
422 1435 532 1496 πάντων
545 1437 722 1513 παραθέντες,
737 1437 864 1496 ἐκέλευον
882 1435 946 1498 τοιῖς

147 1525 319 1605 Πελασγοῖς
330 1523 383 1599 τὴν
396 1524 489 1604 χώρην
502 1525 591 1599 σφίσι
600 1523 780 1599 παραδιδόναι
790 1522 860 1583 οὕτω
870 1525 945 1603 ἔχου·

146 1637 212 1671 σαν·
234 1615 262 1672 οἱ
282 1612 312 1672 δὲ
334 1613 484 1694 Πελασγοὶ
506 1611 701 1687 ὑπολαβόντες
723 1611 812 1670 εἶπαν·
837 1611 946 1672 “ἐπεᾶν

145 1701 237 1779 βορέῃ
253 1699 345 1781 ἀνέμῳ
358 1699 514 1778 αὐτημερὸν
527 1704 593 1775 νηῦς
606 1699 725 1778 ἐξανύσῃ
740 1705 769 1758 ἐκ
783 1703 833 1775 τῆς
852 1698 945 1777 όμετέ-

144 1814 197 1865 ρης
220 1794 249 1852 ἐς
270 1788 323 1865 τήν
343 1789 488 1867 ἡμετέρην,
509 1787 573 1848 τότε
594 1786 823 1864 παραδώσομεν·”
862 1792 946 1847 τοῦτο

146 1876 236 1947 εἶπαν,
257 1877 438 1953 ἐπισπόμενοι
457 1880 540 1936 τοῦτο
564 1875 633 1936 εἶναι
652 1873 785 1934 α’διῖνατον
804 1875 945 1955 γενέσθαι·

145 1963 164 2040 ἡ
181 1965 237 2045 γὰρ
249 1963 363 2041 Ἀττικὴ
378 1964 449 2041 πρός
461 1964 543 2025 νότον
564 1965 654 2023 κέεται
674 1963 785 2022 πολλὰν
804 1967 854 2038 τῆς
867 1962 944 2040 Λήμ-

145 2077 205 2113 νου.
245 2053 310 2114 τότε
329 2055 382 2130 μὲν
396 2057 531 2113 τοσαῦτα·
552 2054 628 2112 ἔτεσι
642 2051 671 2110 δέ
685 2049 773 2128 κάρτα
785 2054 924 2110 πολλοῖσι
936 2055 992 2111 140

145 2139 265 2220 ὕστερον
283 2141 396 2211 τούτων,
411 2140 446 2204 ὦς
465 2137 711 2218 ἦΧερσόνησοςή
726 2143 755 2198 ἐν
766 2137 945 2214 Ἑλλησπόν-

144 2253 184 2308 τῳ
202 2231 311 2310 ἐγένετο
330 2227 376 2288 ὕπ’
394 2228 578 2304 Ἀθηναίοισι,
593 2227 750 2303 Μιλτιάδης
771 2225 787 2286 ὁ
808 2228 943 2303 Κίμωνος,

145 2317 280 2392 ἐτησιέων
302 2316 408 2393 ιῖνέμων
435 2315 644 2391 κατεστηκότων
667 2315 712 2391 νηῒ
736 2315 892 2378 κατανύσας
915 2315 946 2385 ἐξ

144 2402 327 2468 Ἐλαιοῦντος
340 2409 391 2464 τοῦ
412 2409 441 2464 ἐν
454 2404 629 2482 Χερσονήσῳ
646 2408 673 2466 ἐς
686 2407 810 2480 Λῆμνον,
824 2402 944 2484 προηγό-

144 2518 209 2570 ρευε
230 2494 331 2562 ἐξιέναι
352 2498 383 2552 ἐκ
403 2495 454 2568 τῆς
475 2492 563 2567 νήσου
578 2495 655 2552 τοῖσι
674 2494 864 2573 Πελασγοῖσι,
881 2489 945 2550 ἅνα-

145 2580 311 2657 μιμνήσκων
321 2581 413 2656 σφέας
426 2579 459 2640 τό
472 2579 645 2658 χρηστήριον
654 2577 688 2638 τό
699 2578 807 2656 οὐδαμὰ
819 2577 946 2654 ἤλπισαν

145 2669 236 2742 σφίσι
249 2671 276 2727 οἱ
290 2669 441 2748 Πελασγοὶ
454 2667 655 2727 ἐπιτελέεσθαι.
695 2666 878 2742 Ἡφαιστιέες
894 2668 946 2744 μέν

146 2781 195 2814 νυν
218 2755 373 2816 ἐπείθοντο.
411 2758 561 2832 Μυριναῖοι
584 2753 614 2812 δέ
635 2753 667 2814 οὗ
690 2755 946 2836 συγγινωσκόμενοι

146 2841 217 2902 εἶναι
236 2843 289 2918 τήν
302 2841 487 2920 Χερσόνησον
505 2841 636 2917 Ἀττικὴν
654 2841 873 2918 ἐπολιορκέοντο,
889 2841 946 2905 ἐςὸ

146 2930 193 2988 καὶ
213 2929 294 2990 αὐτοὶ
313 2931 506 3008 παρέστησαν·
527 2928 598 2990 οὕτω
619 2929 720 3006 δὴτὴν
732 2932 848 3005 Λῆμνον
860 2929 946 3010 ἔσχον

144 3015 294 3146 ’ῳῗθηνῳῖοί
304 3041 335 3077 τε
349 3017 394 3076 καὶ
408 3015 574 3093 Μιλτιάδης.

182 3099 236 3147 .-l
