2276 3554
174 135 221 182 16⁶
488 129 663 181 111>voon
893 129 971 194 [vn.
1050 163 1053 167 -

172 210 284 283 λόντων,
307 211 461 286 δασάμενοι
479 214 560 270 σῖτον
581 215 610 270 ἐν
631 213 699 288 τῇσι
719 207 822 268 πόλισι
841 211 868 268 οἱ
889 209 974 272 άστοί

173 297 278 375 άλευρά
300 325 330 358 τε
356 299 401 357 καὶ
425 297 534 374 ἄλφιτα
558 299 667 357 ἐποίευν
690 296 791 358 πάντες
815 297 861 356 ἐπὶ
884 301 974 375 μῆνας

174 387 302 466 συχνούς·
322 391 405 447 τοῦτο
426 387 463 455 δέ,
479 386 578 463 κτήνεα
594 385 975 463 σιτεόεσκονέξευρίσκοντες

174 481 257 552 τιμῆς
277 475 312 536 τά
336 476 486 545 κάλλιστα,
508 474 626 552 ἔτρεφόν
644 501 675 534 τε
693 472 805 550 ὄρνιθας
825 475 975 552 χερσαίους

175 565 221 622 καί
237 565 382 641 λιμναίους
401 565 430 623 ἐν
449 590 480 623 τε
501 563 636 640 οἰκήμασι
653 563 699 620 καὶ
712 560 852 630 λάκκοισι,
867 567 894 624 ἐς
907 561 975 622 εἰπο-

175 651 261 730 δοχὰς
270 655 320 711 τοῦ
333 655 467 729 στρατοῦ·
487 655 570 710 τοῦτο
584 651 622 720 δέ,
630 647 738 728 χρόσεά
749 675 781 710 τε
794 651 840 707 καὶ
853 649 976 730 άργόρεα

175 739 295 816 ποτήριά
316 765 348 799 τε
369 740 415 798 καὶ
437 743 575 817 κρητῆρας
597 742 745 810 ἐποιεῦντο,
770 737 816 796 καὶ
838 737 874 798 τά
904 737 917 759 ”

177 826 233 888 ὅσα
255 829 300 887 ἐπὶ
324 829 462 906 τράπεζαν
482 828 606 888 τιθέαται
627 827 724 887 πάντα.
760 829 848 886 ταῦτα
868 826 975 902 μὲνδὴ

176 915 250 995 αὐτῷ
266 942 298 976 τε
315 917 436 993 βασιλέϊ
453 917 499 975 καὶ
518 919 595 976 τοῖσι
615 914 778 992 ὁμοσίτοισι
797 913 857 990 μετ’
871 915 977 974 ἐκείνου

178 1006 335 1081 ἐπεποίητο,
349 1010 384 1086 τῇ
402 1005 431 1064 δέ
445 1004 520 1084 άλλῃ
534 1007 653 1082 στρατιῇ
666 1002 701 1062 τά
715 1008 743 1066 ἐς
757 1002 872 1079 φορβήν
885 1006 977 1079 μοῦνα

176 1093 347 1170 τασσόμενα
391 1093 459 1156 ὅκως
483 1093 512 1152 δέ
536 1092 664 1150 ἀπίκοιτο
688 1091 707 1166 ἡ
731 1090 859 1167 στρατιὴ,
884 1091 976 1167 σκηνὴ

177 1185 229 1256 μὲν
251 1182 315 1240 ἔσκε
338 1185 480 1262 πεπηγυῖα
504 1181 598 1256 ἑτοίμη
622 1185 650 1243 ἐς
672 1179 724 1255 τὴν
744 1177 828 1241 αὐτός
847 1179 978 1255 σταθμόν

178 1271 340 1328 ποιεέσκετο
353 1271 467 1346 Ξέρξης·
488 1268 506 1345 ἡ
527 1268 557 1328 δέ
579 1266 656 1343 άλλη
674 1267 793 1344 στρατιὴ
812 1268 877 1326 ἔσκε
896 1267 978 1327 ὑπαί-

178 1358 264 1434 θριος·
285 1357 321 1420 ὥς
340 1357 369 1416 δέ
387 1358 498 1417 δείπνου
516 1358 621 1438 γίνοιτο
643 1355 708 1433 ὥρη,
722 1358 749 1414 οἶ
764 1358 816 1432 μὲν
836 1355 979 1431 δεκόμενοι

181 1446 297 1523 ἔχεσκον
317 1445 412 1504 πόνον·
433 1449 460 1504 οἰ
474 1445 511 1514 δέ,
526 1444 595 1508 ὅκως
607 1444 781 1520 πλησθέντες
794 1442 879 1502 νόκτα
892 1442 979 1503 αὐτοῦ

179 1532 317 1613 ἀγάγοιεν,
333 1559 368 1612 τῃ
381 1532 515 1612 ὑστεραίῃ
528 1533 579 1609 τήν
594 1559 625 1592 τε
644 1531 751 1608 σκηιην
763 1531 979 1596 ἀνασπάσαντες

180 1621 226 1678 καὶ
238 1619 273 1679 τά
286 1621 390 1679 ἔπιπλα
404 1620 495 1681 πάντα
509 1620 655 1697 λαβόντες,
673 1619 742 1679 οὕτω
759 1618 977 1694 ἀπελαύνεσκον,

134 1710 191 1768 120
200 1709 343 1772 λείποντες
356 1708 443 1781 οὐδὲν,
458 1709 534 1768 άλλά
556 1708 715 1784 φερόμενοι·
730 1707 820 1768 Ἔνθα
834 1707 867 1782 δη
883 1715 978 1788 Μεγα-

180 1798 307 1874 κρέοντος
317 1797 415 1874 άνδρός
427 1798 599 1874 Ἀβδηρίτεω
613 1798 678 1860 ἐπος
692 1796 721 1856 εὗ
735 1797 877 1873 εἰρημένον
892 1798 980 1876 ἐγένε·

178 1911 221 1955 το,
235 1885 266 1949 ὃς
284 1887 493 1962 συνεβούλευσε
513 1885 708 1963 Ἀβδηρίτῃσι,
723 1885 859 1960 πανδημεὶ
879 1883 981 1949 αὖτοιίς

181 1975 227 2032 καὶ
246 1977 377 2055 γυναῖκας
397 1973 529 2036 ἐλθόντας
550 1979 577 2036 ἐς
597 1972 633 2032 τά
654 1973 779 2049 σφέτερα
800 1972 854 2048 ἱρά,
871 1973 982 2042 ἵζεσθαι

181 2063 271 2125 ἱκέτας
284 2066 338 2122 τῶν
359 2063 435 2136 θεῶν,
450 2063 682 2139 παραιτεομένους
696 2061 742 2119 καὶ
755 2061 788 2120 τό
801 2061 903 2119 λοιπόν
922 2067 982 2136 σφι

180 2149 334 2226 ἀπαμύνειν
351 2155 406 2209 τῶν
424 2149 555 2209 ἐπιόντων
574 2153 664 2207 κακῶν
684 2149 719 2208 τά
738 2148 853 2224 ἡμίσεα·
875 2151 930 2207 τῶν
949 2175 983 2210 τε

180 2239 390 2315 παροιχομένων
410 2239 482 2316 ἐχειν
502 2244 558 2311 σφι
576 2235 705 2317 μεγάλην
724 2236 814 2315 χάριν,
827 2235 872 2296 ὅτι
890 2237 982 2312 βασι-

174 2324 245 2405 Ιλεύς
264 2325 369 2401 Ξέρξης
388 2323 420 2383 οὗ
441 2325 482 2387 δὶς
503 2325 622 2400 ἑκάστης
643 2323 747 2401 ἡμέρης
766 2323 879 2400 ἐνόμισε
899 2327 983 2385 σῖτον

181 2411 338 2488 αἱρέεσθαι·
365 2412 497 2491 παρέχειν
518 2412 573 2493 γάρ
601 2410 635 2471 εἰν
659 2411 855 2490 Ἀβδηρίτῃσι,
884 2416 908 2470 εἰ
936 2413 984 2480 καίΙ

181 2498 297 2575 ἄριστον
317 2501 465 2576 προείρητο
485 2499 570 2576 όμοῐα
582 2503 621 2578 τῷ
633 2500 732 2578 δείπνῳ
752 2499 984 2576 παρασκευάζειν,

182 2585 201 2663 ἢ
224 2587 264 2664 μὴ
288 2586 435 2664 ὖπομένειν
456 2588 561 2666 Ξέρξεα
583 2587 703 2657 ἐπιόντα,
724 2586 742 2664 ἢ
766 2587 984 2664 καταμείναντας

182 2676 301 2736 κάκιστα
320 2675 430 2736 πάντων
446 2674 596 2753 ἀνθρώπων
614 2676 801 2753 διατριβῆναι.
843 2675 984 2752 οἰμένδὴ

182 2764 339 2841 πιεζόμενα
359 2763 460 2840 ὁμοίως
479 2764 512 2824 τό
533 2764 757 2840 ἐπιτασσόμενον
778 2764 932 2822 ἐπετέλεον,

137 2853 191 2910 121
244 2853 348 2928 Ξέρξης
368 2852 397 2911 δέ
419 2857 448 2911 ἐκ
468 2855 518 2928 τῆς
529 2850 675 2922 Ἀκάνθου,
697 2851 887 2928 ἐντειλάμενος
907 2855 985 2913 τοῖσι

183 2944 369 3020 στρατηγοῖσι
382 2940 431 2999 τόν
444 2939 572 2999 ναυτικόν
586 2939 708 3015 στρατόν
721 2939 867 3016 ὖπομένειν
878 2945 907 2999 ἐν
916 2940 986 3017 Θέρ-

183 3053 232 3105 μῃ,
246 3027 336 3101 α’πῆκε
350 3026 396 3086 ἀπ’
411 3030 510 3086 ἑωυτοῦ
531 3026 701 3103 πορεύεσθαι
718 3026 770 3090 τάς
783 3028 855 3090 νέας·
876 3028 987 3108 (Θέρμῃ

182 3113 214 3172 δὲ
229 3118 265 3192 τῇ
287 3119 316 3174 ἐν
335 3118 374 3192 τῷ
387 3115 515 3194 Θερμαίῳ
534 3113 630 3194 κόλπῳ
644 3115 784 3193 οἰκημένῃ,
800 3113 847 3173 ἀπ’
861 3112 895 3191 ἦς
908 3116 987 3177 καὶὸ

183 3201 289 3264 κόλπος
302 3199 382 3266 οὗτος
394 3201 446 3276 τήν
460 3202 614 3278 ἐπωνυμίην
634 3202 714 3283 ἔχεν)
735 3201 823 3281 ταύτῃ
835 3202 891 3282 γάρ
906 3207 988 3263 ἐπυν-

183 3287 283 3348 θάνετο
299 3288 513 3362 συντομώτατον,
529 3288 607 3350 εἰναι.
647 3291 732 3370 μέχρι
750 3293 803 3367 μὲν
818 3289 873 3370 γάρ
887 3289 988 3352 Ἀκάν-
