2282 3550
166 127 215 175 ιω
320 192 322 196 v
472 127 656 176 ἩνοΔοτοι
726 183 734 198 ,
892 129 969 192 [vn.

165 209 297 265 τοσοῦτοι
307 208 358 282 μὲν
365 204 514 283 Ἀρκάδων·
529 205 585 266 α’πδ
596 207 626 266 δὲ
636 207 776 284 Κορίνθου
783 209 970 286 τετρακόσιοι·

167 295 212 352 καὶ
226 293 283 353 άπό
298 298 451 358 Φλιοῦντος
467 294 614 371 διηκόσιοι·
636 296 681 353 καὶ
698 299 864 371 Μυκηναίων
883 297 970 378 όγδοί-

165 409 258 442 κοντα.
290 380 366 442 οὗτοι
378 386 430 460 μὲν
444 383 499 444 α’πό
515 383 736 458 Πελοποννήσου
749 389 890 462 παρῆσαν·
910 383 968 446 άπό

166 470 195 530 δὲ
216 476 352 541 Βοιωτῶν,
374 471 517 532 Θεσπιέων
536 499 573 531 τε.
588 472 749 532 ἑπτακόσιοι
770 474 815 531 καὶ
835 476 970 550 Θηβαίων

117 559 371 638 203τετρακόσιοι.
419 562 498 637 Πρός
524 560 650 621 τούτοισι
674 562 817 638 ἐπίκλητοι
841 564 969 642 ἐγένοντο

164 650 272 726 Λοκροί
291 676 322 708 τε
346 653 373 709 οἱ
393 648 553 710 Ὀπούντιοι
574 653 757 728 πανστρατιῇ,
783 651 828 709 καὶ
852 653 969 712 Φωκέων

164 738 263 814 χίλιοι.
285 737 364 797 αὐτοὶ
377 737 431 818 γάρ
450 744 542 814 σφεας
561 739 768 798 ἐπεκαλέσαντο
783 737 967 816 οἱἝλληνες,

164 826 294 906 λέγοντες
308 826 340 884 δι’
354 826 482 906 ἀγγέλων
495 825 530 889 οἷς
546 826 625 886 αὐτοὶ
642 830 693 903 μὲν
706 825 799 902 ἥκοιεν
813 827 969 904 πρόδρομοι

164 916 219 972 τῶν
232 912 335 983 ἄλλων,
351 918 377 973 οἶ
391 915 420 973 δὲ
434 916 530 974 λοιποὶ
543 919 597 974 τῶν
611 913 767 993 συμμάχων
781 914 968 992 προσδόκιμοι

164 1005 261 1061 πᾶσαν
272 1002 326 1062 εἶεν
336 1002 451 1080 ἡμέρην·
465 1002 483 1078 ή
495 1003 632 1063 θάλασσά
640 1004 672 1062 τέ
682 1009 738 1078 σφι
750 1003 791 1080 εἴη
802 1009 831 1063 ἐν
842 1008 967 1084 φυλακῇ,

163 1088 209 1148 ὑπ’
229 1089 382 1167 Ἀθηναίων
402 1117 432 1150 τε
454 1095 646 1169 φρουρεομένη
667 1092 713 1149 καὶ
734 1093 901 1172 Αἰγινητέων
921 1095 968 1152 καὶ

163 1182 217 1237 τῶν
231 1184 258 1241 ές
272 1179 322 1239 τόν
335 1180 463 1239 ναυτικόν
477 1179 599 1257 στρατόν
612 1181 777 1258 ταχθέντων,
793 1181 841 1238 καί
855 1187 911 1256 σφι
925 1183 968 1258 εἴη

164 1265 253 1326 δεινόν
276 1267 363 1328 οὐδέν·
392 1267 423 1327 οὗ
447 1266 502 1348 γάρ
524 1267 587 1328 θεὸν
612 1269 681 1327 εἶναι
708 1269 756 1328 τόν
781 1268 894 1328 ἐπιόντα
921 1271 968 1328 ε’πὶ

163 1355 215 1430 τήν
224 1355 360 1426 Ἑλλάδα,
370 1356 435 1415 ἀλλ’
447 1355 600 1434 ἄνθρωπον·
619 1357 689 1416 εἶναι
702 1357 731 1416 δὲ
745 1358 846 1432 θνητόν
860 1356 967 1429 οὐδένα,

164 1443 226 1501 οὐδὲ
244 1445 369 1514 ἔσεσθαι,
383 1449 421 1523 τῷ
437 1447 522 1505 κακόν
538 1446 569 1515 ἐξ
585 1445 673 1524 ἀρχῆς
686 1447 821 1526 γινομένῳ
835 1445 867 1504 οὗ
887 1472 966 1505 συνεα

162 1532 260 1609 μίχθη·
279 1536 355 1592 τοῖσι
369 1533 398 1592 δὲ
411 1535 574 1614 μεγίστοισι
587 1533 677 1594 αὐτῶν
689 1535 820 1614 μέγιστα·
841 1533 968 1609 ὀφείλειν

164 1618 200 1678 ὧν
219 1622 264 1679 καὶ
284 1621 334 1681 τόν
351 1623 546 1691 ἐπελαύνοντα,
566 1621 601 1684 ιός
620 1622 700 1682 ἐόντα
719 1621 829 1698 θνητόν,
843 1622 899 1682 α’πδ
916 1627 968 1699 τῆς

163 1707 244 1784 δόξης
257 1711 369 1770 πεσέειν
379 1709 422 1770 όν·
439 1714 465 1769 οἶ
479 1711 605 1770 δὲταῦτα
615 1709 818 1788 πυνθανόμενοι
830 1710 968 1787 ἐβοήθεον

164 1801 190 1858 ε’ς
203 1798 255 1873 τήν
268 1803 403 1878 Τρηχῖνα.

115 1886 174 1942 204
215 1887 347 1946 Τοότοισι
357 1885 432 1962 ἦσαν
445 1889 497 1963 μέν
510 1913 558 1948 νυν
572 1887 617 1946 καὶ
631 1885 717 1946 ἄλλοι
731 1887 885 1968 στρατηγοὶ
896 1891 967 1948 κατὰ

162 1974 263 2038 πόλιας
284 1975 416 2036 ἑκάστων·
452 1975 467 2035 ό
490 1977 519 2035 δὲ
543 1975 736 2052 θωμαζόμενος
762 1977 891 2053 μάλιστα
919 1978 965 2036 καὶ

162 2063 266 2126 παντὸς
285 2068 335 2124 τοῦ
357 2063 565 2141 στρατεύματος
580 2063 732 2144 ἡγεόμενος
748 2063 967 2140 Λακεδαιμόνιος

161 2150 196 2224 ἦν
222 2153 360 2227 Λεωνίδης
386 2152 401 2211 ό
429 2151 653 2229 Ἀναξανδρίδεω,
680 2157 730 2212 τοῦ
757 2155 885 2222 Λέοντος,
914 2149 967 2212 τοῦ

165 2238 376 2315 Εὔρυκρυτιδεω,
399 2245 448 2299 τοῦ
475 2240 671 2318 Ἀναξάνδρου,
693 2245 743 2300 τοῦ
766 2240 967 2318 Εὐρυκράτεος,

162 2331 212 2385 τοῦ
227 2326 406 2404 Πολυδώρου,
417 2332 467 2387 τοῦ
477 2329 673 2406 Ἀλκαμένεος,
682 2333 733 2388 τοῦ
744 2330 899 2405 Τηλέκλου,
913 2332 966 2388 τοῦ

161 2413 310 2493 Ἀρχέλεω,
329 2419 378 2474 τοῦ
391 2415 563 2497 Ἡγησίλεω,
581 2421 631 2476 τοῦ
651 2417 813 2494 Δορύσσου,
828 2421 877 2476 τοῦ
891 2424 966 2477 Λεω-

161 2503 261 2579 βότεω,
289 2506 339 2562 τοῦ
365 2503 564 2582 Ἐχεστράτου,
588 2508 639 2564 τοῦ
662 2505 772 2586 Ἤγιος,
800 2510 850 2564 τοῦ
877 2505 966 2583 Εὐρυ-

162 2592 282 2660 σθένεος,
303 2595 353 2651 τοῦ
368 2591 583 2672 Ἀριστοδήμου,
601 2597 651 2651 τοῦ
672 2593 893 2672 Ἀριστομάχου,
913 2597 965 2652 τοῦ

164 2680 330 2749 Κλεοδαίου,
344 2683 395 2740 τοῦ
410 2679 529 2750 Ὕλλου,
544 2685 595 2739 τοῦ
611 2681 777 2758 Ἡρακλέος,
792 2681 966 2758 κτησάμενος

114 2771 171 2828 205
181 2769 232 2844 τήν
241 2769 399 2844 βασιληίην
410 2773 438 2828 ἐν
450 2767 566 2848 Σπάρτη
578 2769 608 2838 ἐξ
617 2769 841 2847 ἀπροσδοκήτου.
870 2770 967 2838 Διξῶν

160 2856 215 2937 γάρ
235 2861 261 2916 οἱ
283 2857 381 2917 ἐόντων
397 2858 598 2934 πρεσβυτέρων
614 2857 767 2934 ἀδελφεῶν,
790 2857 967 2935 Κλεομένεός

160 2971 190 3002 τε
206 2947 251 3003 καὶ
266 2946 394 3021 Δωριέος,
410 2943 574 3020 ἀπελήλατο
592 2950 642 3020 τῆς
660 2946 809 3022 φροντίδος
827 2945 891 3022 περὶ
915 2949 966 3020 τῆς

137 3071 138 3075 =
161 3034 326 3108 βασιληίης·
361 3032 551 3096 α’ποθανόντος
578 3034 608 3092 δὲ
638 3037 814 3111 Κλεομένεος
847 3033 966 3097 ἄπαιδος

161 3121 272 3194 ἔρσενος
285 3120 377 3200 γόνου,
393 3121 513 3196 Δωριέος
522 3146 553 3178 τε
567 3120 659 3181 οὐκέτι
673 3122 766 3186 ἐόντος
780 3122 858 3180 άλλά
871 3127 962 3182 τελευ-

160 3205 299 3279 τήσαντος
312 3209 358 3264 καὶ
370 3207 471 3266 τούτου
484 3213 513 3266 έν
524 3209 647 3288 Σικελίῃ,
659 3209 730 3269 οὕτω
742 3210 775 3286 δή
787 3216 814 3272 ἐς
824 3208 964 3274 Λεωνίδην

160 3290 326 3367 οἷνέβαινεή
347 3295 498 3370 βασιληίη·
527 3295 572 3353 καὶ
591 3295 661 3356 διότι
681 3297 817 3376 πρότερος
838 3297 966 3378 ἐγεγόνεε
