2258 3568
200 157 232 210 70
505 161 687 210 Ἧνοιιοτοτ
937 161 999 227 [vr.

200 239 245 296 καὶ
266 238 374 298 ἐποίευν
395 239 456 299 ἀντὶ
475 239 544 298 εἶναι
560 240 687 318 ἐνόρχιας
700 238 855 320 εὗνοῦχους,
869 241 916 300 καὶ
928 269 999 319 παρ-

199 325 294 388 θένους
306 326 356 390 τὰς
369 326 613 390 καλλιστευούσας
628 327 829 392 ἀνασπάστους
848 329 926 406 παροὶ
945 332 1001 406 βα-

197 415 291 474 σιλέα·
312 414 449 474 ταῦτάτε
467 415 501 491 δή
523 417 632 475 ἐποίευν
646 416 693 474 καὶ
705 415 756 478 τοῖς
768 415 871 481 πόλιας
891 419 999 496 ἐνεπίμ-

200 528 315 578 πρασαν
337 501 448 562 αὐτοῖσι
469 506 545 563 τοῖσι
568 507 663 580 ἱροῖσι.
705 503 776 563 οὕτω
800 505 830 564 δέ
850 505 883 566 τό
906 508 1001 583 τρίτον

193 589 286 654 Ἴωνες
299 591 557 668 κατεδουλώθησαν,
571 596 682 668 πρώτον
699 595 751 670 μὲν
770 592 825 653 ὖπό
838 594 944 665 Λυδῶν,
958 595 1000 659 δὶς

198 680 227 738 δέ
248 681 347 755 ἐπεξῆς
366 679 430 740 τότε
450 680 504 741 ὑπό
526 681 670 758 Περσέων.

151 771 188 827 33
239 767 311 827 Ἀπό
326 769 355 828 δέ
363 768 467 845 Ἰωνίης
474 769 735 845 ἀπαλλασσόμενος
747 767 764 828 ό
778 769 905 832 ναυτικάς
913 797 999 848 στρα-

197 855 245 918 τός
264 856 299 915 τά
321 856 362 916 ἐπ’
384 855 518 934 α’ριστερά
539 857 689 917 ἐσπλέοντι
710 860 760 917 τοῦ
780 855 999 932 Ἑλλησπόντου

197 945 272 1020 αἵρεε
284 943 385 1004 πάντα·
406 945 442 1004 τά
454 945 509 1026 γὰρ
531 945 576 1003 ἐπὶ
596 944 672 1014 δεξιά
687 944 797 1004 αὐτοῖσι
810 943 911 1028 [τοῖσι]
926 949 998 1025 Πέρ-

197 1059 269 1112 σησι
287 1032 435 1112 ὑποχείρια
451 1032 486 1109 ἦν
498 1031 635 1114 γεγονότα
655 1033 714 1092 κατ’
727 1031 851 1110 ἤπειρον.
894 1037 950 1094 εἰσὶ
968 1037 999 1096 δὲ

197 1127 226 1181 ἐν
238 1125 274 1202 τῇ
287 1121 407 1200 Εὐρώπη
426 1122 485 1181 αἵδε
502 1125 553 1182 τοῦ
565 1121 792 1197 Ἑλλησπόντου·
814 1123 998 1199 Χερσόνησός

196 1237 227 1270 τε
241 1217 270 1270 ἐν
282 1214 318 1290 τῇ
331 1211 428 1272 πόλιες
448 1211 551 1290 συχναὶ
570 1211 662 1283 ἔνεισι,
679 1210 725 1268 καὶ
739 1210 883 1286 Πέρινθος,
899 1213 945 1270 καὶ
961 1213 998 1272 τά

196 1299 291 1378 τείχεα
306 1298 342 1358 τά
360 1299 405 1357 ἐπὶ
418 1299 546 1375 Θρηίκης,
562 1297 607 1356 καὶ
622 1296 770 1373 Σηλυβρίη
784 1322 815 1355 τε
833 1298 879 1356 καὶ
894 1299 996 1370 Βυζάν-

195 1413 264 1446 τιον.
306 1387 452 1457 Βυζάντιοι
471 1387 523 1463 μέν
543 1412 592 1446 νυν
613 1387 659 1444 καὶ
675 1389 702 1444 οἱ
715 1385 835 1462 πέρηθεν
850 1389 996 1463 Χαλκηδό-

196 1499 249 1534 νιοι
267 1474 323 1534 οὐδ’
335 1474 484 1551 ὑπέμειναν
503 1475 686 1538 ἐπιπλέοντας
701 1473 765 1536 τούς
778 1475 915 1545 Φοίνικας,
930 1475 997 1536 ἀλλ’

197 1563 309 1642 οἴχοντο
329 1561 516 1625 άπολιπόντες
530 1563 583 1639 τήν
596 1564 737 1641 σφετέρην
758 1563 813 1621 ἔσω
834 1568 861 1625 ἐς
881 1563 931 1624 τόν
944 1565 998 1624 Εὔ-

197 1651 285 1720 ξεινον
305 1650 417 1711 πόντον·
438 1653 483 1710 καὶ
505 1653 624 1712 ἐνθαῦτα
645 1651 731 1711 πόλιν
747 1652 942 1729 Μεσαμβρίην
959 1655 996 1713 οἷ-

197 1765 297 1815 κησαν.
339 1743 365 1800 οἱ
387 1741 417 1799 δὲ
438 1742 562 1803 Φοίνικες
584 1739 806 1802 κατακαύσαντες
828 1739 998 1806 ταύταςτὰς

196 1827 288 1907 χώρας
308 1828 358 1892 τάς
382 1829 611 1906 καταλεχθείσας,
633 1827 786 1904 τράπονται
808 1829 856 1886 ἐπί
873 1854 904 1888 τε
921 1836 997 1906 Προ-

196 1917 333 1993 κόννησον
354 1918 399 1976 καὶ
412 1915 558 1993 Ἀρτάκην·
580 1916 647 1993 πυρὶ
660 1917 690 1976 δέ
706 1916 752 1974 καὶ
767 1917 869 1980 ταύτας
889 1919 997 1995 νείμαν-

195 2031 240 2068 τες
259 2007 366 2066 ἐπλωον
384 2005 460 2068 αὖτις
480 2010 506 2067 ἐς
526 2004 578 2080 τήν
593 2003 786 2082 Χερσόνησον,
802 2005 997 2082 ἐξαιρήσοντες

194 2094 244 2156 τοὶς
258 2095 419 2156 ἐπιλοίπους
431 2097 486 2153 τῶν
499 2094 605 2152 πολίων
619 2093 690 2156 ὅσας
703 2093 839 2170 πρότερον
854 2095 996 2173 προσχόν-

196 2207 240 2245 τες
264 2182 296 2240 οὖ
316 2183 480 2258 κατέσυραν.
511 2182 556 2240 ἐπὶ
580 2181 609 2240 δέ
634 2181 756 2251 Κύζικον
780 2181 843 2240 οὐδὲ
865 2183 997 2242 ἔπλωσαν

196 2269 295 2348 α’ρχήν·
317 2269 395 2328 οὗτοὶ
409 2268 462 2349 γάρ
478 2271 628 2344 Κυζικηνοὶ
642 2271 681 2328 ἐτι
693 2269 828 2346 πρότερον
842 2274 892 2329 τοῦ
905 2271 997 2331 Φοινί-

196 2385 250 2417 κων
271 2359 379 2417 ἐσπλου
402 2357 568 2438 ἐγεγόνεσαν
589 2357 644 2417 ivr&
666 2359 795 2434 βασιλέϊ,
819 2358 940 2434 Οἰβάρεϊ
958 2364 998 2439 τῷ

196 2445 372 2526 Μεγαβάζου
393 2445 622 2526 ὁμολογήσαντες
634 2450 672 2525 τῷ
686 2451 714 2506 ἐν
729 2447 896 2526 Δασκυλείῳ
908 2446 996 2523 ὑπάρ-

194 2561 242 2613 χῳ.
286 2537 335 2610 τῆς
348 2534 377 2593 δέ
390 2535 584 2610 Χερσονήσου,
598 2533 675 2609 πλήν
687 2534 811 2610 Καρδίης
824 2534 932 2604 πόλιος,
946 2536 998 2600 τάς

195 2622 286 2687 ἄλλος
306 2622 400 2686 πάσας
422 2623 607 2700 ἐχειρώσαντο
628 2626 655 2682 οἱ
675 2623 807 2685 Φοίνικες.

148 2714 184 2770 34
234 2710 412 2789 Ἐτυράννευε
435 2710 465 2769 δέ
484 2712 589 2771 ἀστέων
612 2712 696 2790 μέχρι
716 2710 781 2770 τότε
800 2710 959 2788 Μιλτιάδης
980 2713 998 2772 ό

196 2802 324 2876 Κίμωνος
344 2803 394 2859 τοῦ
417 2799 611 2880 Στησαγόρεω,
634 2799 810 2875 κτησαμένου
833 2798 885 2875 τήν
905 2799 998 2878 ἀρχήν

196 2889 298 2964 ταύτην
322 2887 459 2965 πρότερον
481 2888 642 2947 Μιλτιάδεω
665 2889 715 2947 τοῦ
739 2889 874 2966 Κυψέλου
900 2889 996 2969 τρόπῳ

194 2977 298 3054 τοιῷδε·
327 2977 403 3054 εἶχον
428 2975 571 3056 Δόλογκοι
595 2976 711 3053 Θρήϊκες
734 2976 785 3052 τήν
808 2975 997 3054 Χερσόνησον

193 3063 305 3139 ταύτην.
343 3062 420 3123 οὗτοι
439 3062 475 3122 ὧν
494 3067 520 3122 οἱ
537 3064 681 3143 Δόλογκοι
698 3065 860 3128 πιεσθέντες
879 3067 997 3146 πολέμῳ

193 3149 248 3209 ὑπὸ
261 3149 419 3228 Ἀψινθίων,
433 3156 460 3212 ἐς
474 3151 607 3226 Δελφοῦς
628 3153 755 3228 ἔπεμψαν
774 3153 840 3215 τους
853 3155 998 3228 βασιλέας

194 3238 258 3313 περὶ
280 3243 330 3296 τοῦ
353 3238 479 3313 πολέμου
499 3239 701 3316 χρησομένους·
729 3238 747 3314 ἤ
771 3240 800 3299 δὲ
823 3241 917 3317 Πυθίη
938 3249 998 3319 σφι

193 3323 287 3383 α’νεῖλε
308 3324 435 3400 οἰκιστήν
457 3325 612 3406 ἐπάγεσθαι
633 3328 678 3384 ἐπὶ
698 3327 750 3402 τήν
770 3327 865 3408 χώρην
883 3333 996 3402 τοῦτον,
