2250 3552
168 145 277 208 ⁶⁵49]
470 143 658 193 κιιωοιιιι.
695 161 697 164 ·
921 140 970 188 813

168 224 260 284 οὐκέτι
272 221 321 283 τόν
335 221 418 281 αὐτόν
432 223 541 299 κόσμον
543 223 710 336 κατηγέετο,
721 218 799 280 α’λλιί
808 218 860 295 τήν
870 220 970 332 ταχίσ·

167 310 369 390 τηνέτρόχαζε
357 310 555 458 εφεόγων,”
523 337 586 371 ουτε
604 316 631 373 ἐς
645 337 679 370 το
670 307 852 380 ξόλινον’
821 333 884 368 οστε
898 313 925 371 ἐς
937 305 970 368 τό
1005 383 1010 392 Ι

168 401 356 477 Θηβαίων
313 404 490 478 τειχος,αλλ
488 398 538 463 ’ἐς
550 400 670 469 Φωκέας,
685 395 821 458 ἐθέλων
801 423 836 460 ως
848 396 971 476 τάχιστα

169 490 214 548 ἐπὶ
226 483 277 548 τόν
290 487 509 564 Ἑλλήσποντον
527 486 687 548 ἀπικέσθαι·
710 512 756 545 και
746 483 856 545 δτ
825 512 901 546 ουτοι
919 488 971 563 μέν

168 577 255 655 ταύτῃ
283 577 445 654 ἐτράποντο.
486 580 548 636 Τῶν
574 576 604 636 δὲ
631 574 727 635 ἄλλων
748 574 894 651 Ἑλλήνων
916 576 1017 636 τῶν67

168 666 238 742 μετα
252 666 391 741 βασιλέος
410 663 654 734 ἐθελοκακεόντων,
668 663 786 723 Βοιωτοὶ
796 663 970 739 Ἀθηναίοισι

169 754 345 832 ἐμαχέσαντο
364 752 466 832 χρόνον
487 754 533 812 ἐπὶ
553 753 668 831 συχνόν·
693 755 720 812 οἱ
738 751 794 832 γοὶρ
811 753 971 828 μηδίζοντες

168 845 223 902 τῶν
250 843 391 918 Θηβαίων,
417 838 494 902 οὗτοι
515 841 591 920 εἶχον
611 840 769 918 προθυμίην
791 839 840 898 οόκ
861 839 969 921 ὀλίγην,

168 931 341 1010 μαχεόμενοί
358 957 389 990 τε
410 931 455 990 καὶ
477 929 527 990 οὐκ
548 929 774 992 ἐθελοκακέοντες
801 927 870 988 οὕτω
899 928 971 990 ὥστε

168 1019 326 1095 τριηκόσιοι
352 1018 443 1079 αὐτῶν
467 1022 494 1079 οἱ
516 1023 621 1095 πρῶτοι
648 1017 695 1076 καὶ
717 1016 828 1094 ἄριστοι
852 1019 971 1077 ἐνθαῦτα

170 1108 272 1168 ἔπεσον
287 1107 342 1168 ὖπδ
361 1107 524 1184 Ἀθηναίων·
550 1106 584 1170 ὦς
601 1107 630 1166 δὲ
646 1104 799 1183 ἐτράποντο
818 1107 864 1165 καὶ
885 1103 970 1176 οὗτοι,

170 1196 288 1277 ἔφευγον
307 1202 334 1260 ἐς
351 1196 400 1260 τὰς
414 1195 514 1272 Θήβας
527 1195 576 1256 οὐκ
589 1192 661 1274 ᾗπερ
676 1197 702 1253 οἱ
716 1195 836 1272 Πέρσαι·
859 1195 904 1254 καὶ
916 1199 972 1255 τῶν

169 1283 265 1344 ἄλλων
278 1284 435 1363 συμμάχων
449 1285 465 1344 ὁ
479 1289 533 1348 πᾶς
547 1283 645 1361 ὅμιλος
656 1282 719 1342 οὔτε
730 1282 888 1362 διαμαχεσό
888 1308 971 1361 μενος

170 1371 259 1432 οὐδενὶ
282 1371 344 1432 οὔτε
368 1399 395 1432 τι
419 1372 623 1450 ἀποδεξάμενος
651 1371 778 1452 ἔφευγον.
821 1376 915 1448 Δηλοῖ
939 1398 970 1432 τε
980 1375 1018 1433 68

170 1461 232 1537 ἐμοὶ
245 1460 288 1520 ὅτι
301 1461 394 1521 πάντα
405 1462 441 1520 τό
454 1460 608 1542 πρήγματα
620 1463 675 1520 τῶν
684 1459 841 1538 βαρβάρων
851 1459 971 1538 ήρτηντο

170 1553 199 1608 ἐκ
219 1551 361 1627 Περσέων,
382 1554 405 1608 εἰ
423 1551 468 1608 καὶ
485 1550 550 1610 τότε
568 1546 646 1608 οὗτοι
663 1548 729 1625 πρὶν
742 1547 760 1624 ἢ
775 1551 820 1608 καὶ
834 1551 971 1626 συμμίξαι

168 1641 245 1697 τοῖσι
257 1639 421 1714 πολεμίοισι
431 1639 557 1719 ἔφευγον,
570 1636 613 1698 ὅτι
627 1637 673 1696 καὶ
683 1636 746 1700 τούς
761 1639 876 1715 Πέρσας
886 1638 969 1715 ὥρων.

170 1725 240 1785 οὕτω
263 1753 294 1786 τε
314 1726 415 1790 πάντες
435 1728 561 1807 ἔφευγον,
583 1725 660 1801 πλήν
681 1730 731 1801 τῆς
759 1727 845 1786 ἵππου
868 1731 918 1803 τῆς
940 1752 971 1787 τε

169 1811 261 1892 ἄλλης
281 1817 327 1874 καὶ
344 1820 395 1892 τῆς
412 1817 555 1891 Βοιωτίης
581 1814 652 1891 αὕτη
669 1815 699 1874 δὲ
715 1819 841 1874 τοσαῦτα
860 1841 971 1891 προσω·

170 1903 256 1976 φέλεε
277 1903 341 1967 τούς
362 1903 525 1985 φεύγοντας,
544 1903 600 1962 αἰεί
618 1928 649 1962 τε
669 1902 740 1977 πρός
756 1906 811 1962 τῶν
828 1905 970 1982 πολεμίων

169 1989 293 2072 ἄγχιστα
310 1996 397 2052 ἐοῦσα
415 1991 589 2073 ἀπείργουσα
604 2017 636 2052 τε
650 1990 715 2054 τούς
729 1992 841 2067 φιλίους
854 1990 970 2072 φεύγον-

168 2105 218 2143 τας
231 2079 287 2140 ἇπό
301 2085 356 2140 τῶν
368 2080 522 2156 Ἑλλήνων.
549 2082 586 2139 Οἱ
598 2083 650 2158 μὲν
664 2079 698 2155 δή
712 2084 837 2144 νικῶντες
851 2080 970 2150 εἵποντο,
980 2083 1017 2140 69

168 2168 233 2230 τούς
260 2169 367 2277 Ξέρξεω
390 2169 532 2232 διιόκοντές
555 2195 586 2228 τε
614 2169 659 2226 καὶ
684 2168 856 2244 φονεύοντες·
889 2173 917 2228 ἐν
940 2167 970 2228 δὲ

169 2256 258 2336 τούτῳ
272 2262 310 2336 τῷ
325 2257 461 2338 γινομένω
480 2257 564 2336 φόβω
579 2256 751 2337 ἀγγέλλεται
764 2260 841 2316 τοῖσι
854 2255 972 2318 αλλοισι

167 2333 292 2420 Ελλησι
316 2349 392 2404 τοῖσι
414 2345 611 2426 τεταγμένοισι
638 2345 702 2421 περὶ
725 2344 758 2405 τό
780 2344 897 2424 Ηραῖον
926 2346 972 2406 καὶ

170 2431 402 2544 ἀπογενομένοισι
417 2437 468 2508 τῆς
485 2432 586 2510 μάχης,
602 2433 644 2493 ὅτι
662 2433 758 2541 μάχη
756 2458 787 2494 τε
804 2436 903 2516 γέγονε
925 2435 972 2494 καὶ

170 2545 263 2580 νικωεν
277 2524 304 2580 οἱ
316 2547 387 2597 μετα
406 2522 582 2582 Παυσανίεω·
605 2548 631 2580 οι
622 2521 707 2580 δὲ’
690 2521 858 2585 ακούσαντες
873 2526 969 2597 ταῦτα,

169 2581 267 2668 οὐδένα
287 2609 396 2686 κόσμον
415 2608 571 2689 ταχθέντες,
594 2613 620 2669 οἶ
639 2613 691 2688 μὲν
711 2610 786 2686 ἀμφὶ
808 2611 973 2687 Κορινθίους

170 2697 323 2774 ἐτράποντο
345 2696 390 2756 διιί
406 2702 456 2775 τῆς
476 2698 601 2775 ὑπωρέης
622 2699 668 2756 καὶ
694 2702 749 2758 τῶν
771 2701 898 2758 κολωνῶν
918 2698 971 2774 τήν

170 2787 314 2864 φέρουσαν
332 2793 396 2860 ἅνω,
421 2787 465 2847 ἶθύ
484 2791 534 2846 τοῦ
556 2790 616 2862 ἱροῦ
635 2790 685 2861 τῆς
707 2785 866 2862 Δήμητρος·
894 2790 921 2846 οἱ
941 2787 971 2846 δὲ

169 2873 244 2950 ἀμφὶ
258 2876 406 2956 Μεγαρέας
418 2901 449 2934 τε
463 2876 509 2934 καὶ
522 2876 676 2938 Φλιασίους
689 2874 735 2933 διὰ
747 2877 798 2933 τοῦ
811 2874 907 2934 πεδίου
919 2875 971 2951 τήν

169 2963 316 3040 λειοτάτην
328 2967 383 3024 τῶν
396 2963 475 3024 ὁδῶν·
498 2965 560 3022 ἐπεί
570 2989 600 3023 τε
615 2964 644 3022 δέ
658 2963 748 3045 α’γχοῦ
760 2967 816 3022 τῶν
829 2965 971 3040 πολεμίων

169 3052 294 3132 ἐγίνοντο
304 3055 331 3111 οἱ
344 3054 488 3134 Μεγαρέες
502 3053 548 3111 καὶ
562 3053 704 3126 Φλιάσιοι,
719 3051 864 3115 ἀπιδόντες
877 3053 970 3127 σφέας

169 3142 196 3198 οἱ
208 3144 263 3200 τῶν
272 3142 405 3217 Θηβαίων
416 3141 532 3202 ἱππόται
543 3142 735 3222 ἐπειγομένους
746 3139 843 3200 οόδένα
854 3141 970 3216 κόσμον,

168 3226 291 3303 ήλαυνον
318 3227 360 3288 ἐπ’
387 3228 486 3291 αὐτοῦς
512 3227 577 3290 τοῦς
610 3229 719 3291 ἵππους·
750 3233 805 3288 τῶν
833 3227 970 3306 ίπποίρχεε

168 3315 371 3395 Ἀσωπόδωρος
384 3316 400 3376 ὁ
414 3314 580 3393 Τιμάνδρου·
603 3316 771 3379 ἐσπεσόντες
789 3317 819 3376 δὲ
838 3315 970 3376 κατεστό-
