2250 3552
181 157 229 204 292
490 153 671 203 ἨΡΟΔΟΤΟΤ
913 157 981 222 [ΙΧ.Ι

183 237 234 312 μέν
250 240 278 298 ἐς
294 233 404 312 άμαξαν
423 233 550 296 ἐσθέντες
565 232 615 293 τόν
632 233 729 311 νεκρόν
746 235 824 313 παρά
840 236 891 300 τάς
903 238 978 308 τάξις

182 322 317 400 ἐκόμιζον·
339 321 398 381 όδὲ
411 320 507 398 νεκρός
516 319 551 396 ῆν
565 322 629 397 θέης
642 320 726 392 daos,
740 324 876 404 μεγάθεος
891 327 980 388 εἵνεκα

182 412 226 468 καὶ
240 409 369 473 κάλλεος·
390 415 444 469 τῶν
457 410 487 468 δὲ
502 409 591 469 εἵνεκα
605 411 650 468 καὶ
663 415 750 470 ταῦτα
762 413 879 473 ἐποίευν·
894 417 980 475 ἐκλεί-

181 525 280 562 ποντες
298 499 348 562 τάς
371 498 448 568 τάξις
471 498 599 574 ἐφοίτεον
620 499 786 576 θεησόμενοι
806 504 981 562 Μασίστιον·

180 587 251 663 μετά
272 587 311 659 δέ,
334 587 411 657 ἔδοξέ
431 594 487 662 σφι
509 589 713 664 ἐπικαταβῆναι
734 593 761 651 ἐς
781 591 937 655 Πλαταιάς·
965 586 981 652 ό

180 675 235 756 γάρ
253 681 343 756 χῶρος
362 677 491 752 ἐφαίνετο
509 680 609 754 πολλῷ
626 676 676 734 ἐόν
695 677 906 755 ἐπιτηδειότερός
924 687 981 758 σφι

182 765 484 842 ἐνστρατοπεδεύεσθαι
505 764 521 824 ό
542 763 714 827 Πλαταιϊκός
737 769 787 824 τοῦ
806 764 981 843 Ἐρυθραίου,

181 853 217 912 τά
229 881 260 913 τε
273 853 358 924 ἅλλα,
370 854 415 912 καὶ
430 851 613 930 εύϋδρότερος·
629 858 656 916 ές
668 857 768 913 τοῦτον
778 853 811 930 δή
822 854 871 914 τόν
880 859 981 934 χῶρον,

183 943 229 1000 καὶ
247 943 292 1002 ἐπὶ
312 943 364 1018 τῆν
381 941 483 1020 κρήνην
500 941 552 1017 τῆν
566 943 731 1023 Γαργαφίην
744 942 795 1018 τῆν
809 948 837 1001 έν
850 949 889 1022 τῷ
901 944 982 1024 χόριρ

182 1031 269 1111 τούτῳ
284 1035 394 1100 ἐοῦσαν,
410 1030 486 1100 ἔδοξέ
503 1037 560 1106 σφι
572 1031 656 1109 χρεόν
675 1030 744 1090 εἶναι
757 1030 915 1105 ἀπικέσθαι,
937 1034 982 1091 καὶ

183 1119 380 1200 διαταχθέντας
398 1119 680 1196 στρατοπεδεύεσθαι·
701 1118 893 1195 ἀναλαβόντες
907 1121 982 1180 δέτά

183 1205 267 1278 ὅπλα,
281 1208 368 1285 ήῖσαν
381 1207 426 1267 διά
438 1210 489 1283 τῆς
502 1206 636 1284 ύπωρείης
653 1211 703 1267 τοῦ
717 1209 889 1285 Κιθαιρῶνος
905 1209 982 1286 παρά

182 1294 280 1360 Ὑσιάς
299 1301 326 1360 ἐς
342 1297 394 1372 τῆν
413 1296 572 1354 Πλαταιίδα
589 1300 650 1377 γῆν,
670 1295 833 1373 ἀπικόμενοι
850 1296 880 1356 δέ
900 1296 981 1356 έτάσ-

183 1409 268 1445 σοντο
280 1384 350 1444 κατά
364 1386 442 1445 ἔθνεα
455 1384 581 1461 πλησίον
590 1389 640 1460 τῆς
652 1410 683 1444 τε
697 1384 798 1462 κρήνης
810 1389 859 1460 τῆς
873 1391 982 1466 Γαργα-

183 1473 250 1548 φίης
264 1475 309 1532 καὶ
322 1477 372 1532 τοῦ
389 1481 517 1549 τεμένεος
531 1477 582 1532 τοῦ
594 1472 810 1550 Ἀνδροκράτεος
821 1477 872 1533 τοῦ
884 1472 982 1551 ἥρωος,

186 1561 230 1618 διό
244 1561 336 1640 ὄχθων
347 1587 378 1620 τε
393 1561 442 1621 ούκ
456 1561 572 1639 ύψηλῶν
586 1562 632 1620 καὶ
646 1561 748 1620 άπέδου
762 1562 872 1640 χωρίου.

136 1652 173 1708 26
223 1648 361 1708 Ἑνθαῦτα
383 1655 412 1709 ἐν
433 1654 469 1729 τῆ
491 1649 598 1719 διατάξι
625 1651 733 1730 ἐγένετο
754 1649 846 1730 λόγων
872 1650 983 1715 πολλός

186 1735 310 1815 ὠθισμός
322 1739 478 1819 Τεγεητέων
491 1763 522 1797 τε
540 1739 585 1796 καὶ
598 1737 759 1814 Ἀθηναίων·
782 1739 914 1798 ἐδικαίευν
926 1739 982 1819 γάρ

185 1826 262 1887 αύτοὶ
281 1825 404 1904 ἑκάτεροι
423 1828 494 1906 ἔχειν
510 1825 543 1885 τό
562 1827 655 1903 ἕτερον
673 1827 761 1903 κέρας,
776 1829 821 1884 καὶ
838 1826 917 1886 καινά
937 1829 983 1886 καὶ

184 1916 292 1974 παλαιά
304 1915 514 1992 παραφέροντες
532 1916 607 1995 ἔργα.
649 1918 732 1974 τοῦτο
745 1917 797 1990 μὲν
810 1917 837 1974 οἱ
849 1919 984 1993 Τεγεῆται

185 2005 281 2085 ἔλεγον
294 2003 370 2064 τάδε·
391 2002 496 2079 αήμεῖς
509 2004 565 2061 αἰεί
576 2029 640 2062 κοτε
659 2001 807 2079 ἀξιεύμεθα
820 2003 921 2079 ταύτης
934 2008 984 2079 τῆς

183 2091 276 2161 τάξιος
295 2098 324 2151 ἐκ
341 2096 396 2152 τῶν
414 2091 570 2170 συμμάχων
589 2090 724 2160 ἁπάντων,
743 2089 809 2149 ὅσαι
823 2089 875 2168 ήδη
895 2091 984 2161 ἔξοδοι

185 2181 272 2239 κοιναὶ
283 2181 409 2260 ἐγένοντο
424 2179 682 2255 Πελοποννησίοισι
698 2179 788 2238 καὶτό
803 2179 924 2240 παλαιόν
938 2181 984 2239 καὶ

184 2269 216 2326 τό
235 2269 303 2340 νέον,
319 2268 350 2336 ἐξ
368 2269 471 2327 ἐκείνου
489 2273 539 2326 τοῦ
557 2268 659 2346 χρόνου
678 2268 739 2326 ἐπεί
754 2295 785 2326 τε
803 2267 985 2344 Ἡρακλεῖδαι

72 2390 74 2394 -
107 2417 109 2420 ,
185 2360 330 2431 ἐπειρῶντο
349 2355 420 2431 μετά
437 2355 487 2415 τόν
501 2355 660 2432 Εὐρυσθέος
675 2354 794 2414 θάνατον
805 2355 942 2418 κατιόντες
957 2361 985 2420 ἐς

185 2442 412 2519 Πελοπόννησον.
455 2442 520 2503 τότε
539 2443 675 2521 εύρόμεθα
695 2449 778 2502 τοῦτο
799 2442 843 2502 διά
866 2448 985 2524 πρῆγμα

184 2530 299 2591 τοιόνδε·
330 2533 388 2590 ἐπεὶ
410 2532 481 2609 μετά
501 2530 624 2611 Ἀχαιῶν
647 2532 692 2590 καὶ
713 2531 812 2592 ,Ἰάνων
837 2535 892 2591 τῶν
918 2531 985 2592 τότε

185 2618 282 2681 ἐόντων
296 2626 325 2680 έν
340 2618 558 2699 Πελοποννήσῳ,
573 2621 799 2696 ἐκβοηθήσαντες
810 2625 838 2683 ἐς
851 2619 900 2679 τόν
909 2618 986 2680 Ἰσθ-

185 2708 238 2784 μόν
255 2707 368 2784 ἱζόμεθα
390 2708 477 2767 ἀντίοι
499 2711 574 2768 τοῖσι
599 2713 735 2768 κατιοῦσι·
756 2707 821 2768 τότε
841 2707 878 2767 ὦν
898 2707 986 2790 λόγος

181 2796 289 2855 Ὕλλον
303 2795 520 2878 ἀγορεύσασθαι,
536 2796 571 2858 ὦς
583 2796 666 2875 χρεόν
680 2797 722 2872 εἴη
735 2795 785 2856 τόν
797 2798 850 2873 μέν
863 2796 987 2874 στρατόν

186 2889 222 2962 τῷ
241 2889 352 2963 στρατῷ
369 2883 409 2961 μῆ
427 2884 641 2943 ἀνακινδυνεύειν
662 2884 881 2961 συμβάλλοντα·
907 2889 937 2943 ἐκ
956 2885 987 2945 δέ

186 2976 235 3030 τοῦ
246 2973 477 3047 Πελοποννησίου
486 2972 685 3047 στρατοπέδου,
690 2973 739 3030 τόν
748 2970 782 3032 ἂν
790 2973 888 3048 σφέων
896 2971 987 3032 αύτόῗν

185 3059 297 3132 κρίνωσι
314 3060 382 3118 εἶναι
401 3057 517 3136 άριστον
537 3059 637 3119 τοῦτόν
663 3062 689 3118 οἱ
707 3065 926 3140 μουνομαχῆσαι
941 3063 987 3120 ἐπὶ

185 3144 390 3220 διακειμένοισι.
407 3145 484 3214 ἔδοξέ
492 3171 523 3205 τε
533 3150 609 3206 τοῖσι
624 3149 885 3223 Πελοποννησίοισι
899 3153 987 3208 ταῦτα

186 3229 253 3287 εἶναι
267 3235 391 3306 ποιητέα,
406 3234 452 3291 καὶ
465 3234 567 3309 έταμον
580 3233 659 3310 ὅρκια
674 3236 719 3292 ἐπὶ
733 3235 810 3314 λόγῳ
824 3236 928 3314 τοιῷδε·
951 3234 987 3312 ῆν

188 3318 234 3385 μὲν
255 3315 363 3382 Ὕλλος
390 3319 491 3398 νικήσῃ
518 3320 566 3380 τόν
588 3324 826 3398 Πελοποννησίων
852 3323 987 3404 η’γεμάνα,
