2258 3568
170 116 298 182 99-103]
473 113 674 165 τυεψικονα.
943 120 974 166 ιο

171 201 247 262 ἀστυ
260 205 326 262 πᾶν·
344 202 491 278 καιομένου
504 199 535 258 δὲ
546 201 598 260 τοῦ
610 194 719 269 ἀστεος,
737 201 764 259 οἱ
780 197 870 258 λυδοί
883 225 914 259 τε
930 200 977 258 καὶ

171 289 239 351 ὅσοι
260 291 395 367 Περσέων
421 292 525 366 ἐνῆσαν
547 294 575 348 ἐν
596 293 632 366 τῇ
652 287 722 347 πόλι
741 285 977 365 ἀπολαμφθέντες

171 377 319 448 πάντοθεν,
335 377 408 438 ὥστε
421 377 456 437 τὰ
469 378 644 456 περιέσχατα
656 376 808 452 νεμομένου
821 379 870 435 τοῦ
881 374 975 453 πυρός,

172 466 221 526 καὶ
242 465 292 526 οῦκ
313 467 423 546 ἔχοντες
441 465 575 541 ἐξήλυσιν
591 470 621 524 ἐκ
638 467 688 524 τοῦ
704 462 811 533 ἄστεος,
828 465 977 541 συνέρρεον

172 557 201 618 ἐς
221 581 252 615 τε
267 556 318 631 τὴν
339 554 445 636 ἀγορὴν
464 555 510 612 καὶ
531 553 576 613 ἐπὶ
593 553 644 614 τόν
666 551 821 612 Πακτωλὸν
839 552 975 628 ποταμόν·

127 685 132 691 ·
172 642 205 707 ὅς
219 647 276 720 σφι
293 647 395 725 ψῆγμα
411 646 521 722 χρυσοῦ
536 642 717 718 καταφορέων
737 646 767 700 ἐκ
787 644 837 700 τοῦ
857 640 976 717 Τμιόλου

172 731 221 791 διά
232 732 323 809 μέσης
334 736 385 808 τῆς
397 729 503 812 ἀγορῆς
514 731 578 808 ῥέει,
593 731 639 789 καὶ
658 731 751 789 ἔπειτα
765 734 792 793 ἐς
804 729 854 789 τόν
868 729 977 807 Ἕρμον

172 819 304 896 ποταμόν
332 819 442 888 ἐκδιδοῖ,
466 819 482 878 ὁ
508 819 537 878 δὲ
561 823 588 882 ἐς
611 818 771 878 θάλασσαν·
807 818 853 876 ἐπὶ
878 822 978 878 τοῦτον

174 907 211 984 δή
224 908 275 968 τάν
287 907 446 968 Πακτωλάν
459 907 505 965 καὶ
519 912 546 969 ἐς
558 907 610 983 τὴν
623 905 727 987 ἀγορήν
745 905 940 984 ἀθροιζόμενοί
951 909 977 965 οἱ

174 1023 207 1055 τε
220 997 308 1056 Λυδοὶ
321 997 367 1055 καὶ
385 1000 412 1056 οἱ
431 995 550 1072 Πέρσαι,
564 994 751 1076 ήναγκόζοπο
765 993 929 1070 ἀμῦνεσθαυ
951 997 978 1054 οἱ

174 1084 315 1155 δὲἼωνες,
329 1084 453 1162 ὁρέοντες
472 1083 536 1146 τοῦς
551 1086 602 1160 μὲν
618 1082 812 1160 ἀμυνομένους,
822 1086 877 1141 τῶν
894 1088 977 1143 πολε-

174 1172 331 1249 μίωντοῦς
351 1173 380 1231 δὲ
401 1172 454 1232 σῦν
474 1171 578 1246 πλήθεϊ
601 1176 701 1251 πολλῷ
723 1172 977 1248 προσφερομένους,

176 1261 390 1340 ἐξανεχώρησαν
407 1261 547 1322 δείσαντες
565 1259 636 1336 πρός
648 1260 681 1320 τό
696 1259 783 1336 οὖρος,
797 1258 847 1318 τόν
860 1263 978 1335 Τμῶλον

177 1349 357 1425 καλεόμενον·
383 1350 508 1409 ἐνθεῦτεν
528 1348 558 1408 δὲ
577 1347 632 1408 ῦπό
653 1347 738 1408 νῦκτα
753 1346 978 1408 ἀπαλλάσσοπο

177 1438 224 1497 ἐπὶ
237 1436 370 1502 τάςνέας.

220 1525 279 1585 Καὶ
297 1525 397 1602 Σάρδις
409 1528 460 1602 μὲν
474 1525 696 1602 ἐνεπρήσθησαν,
711 1529 740 1584 ἐν
753 1524 782 1583 δὲ
796 1523 898 1603 αῦτῇσι
912 1526 958 1584 καὶ
968 1526 1024 1584 102

178 1614 240 1692 ἶράν
261 1615 407 1694 ἐπιχωρίης
428 1615 494 1674 θεοῦ
514 1614 666 1690 Κυβήβης*
690 1613 723 1672 τό
742 1614 931 1690 σκηπτόμενοι
952 1617 978 1674 οἱ

178 1703 300 1780 Πέρσαι,
323 1702 442 1779 ὕστερον
464 1702 725 1780 ἀντενεπίμπρασαν
747 1701 782 1761 τοῖ
807 1707 835 1760 ἐν
851 1702 979 1778 Ἕλλησι

179 1790 235 1868 ἶρά·
256 1791 320 1851 τότε
338 1791 367 1850 δὲ
391 1794 418 1850 οἱ
440 1793 551 1868 Πέρσαι
575 1794 602 1849 οἱ
625 1789 702 1852 ε’ντῦς
717 1789 822 1854 Ἀλυος
849 1794 978 1868 ποταμοῦ

178 1878 281 1956 νομοῦς
291 1881 408 1959 ἔχοντες,
421 1877 677 1957 προπυνθανόμενοι
689 1883 784 1949 ταῦτα,
796 1880 978 1955 συνηλίζοντο

179 1969 226 2026 καὶ
239 1968 376 2044 ἐβοήθεον
388 1973 464 2027 τοῖσι
477 1967 605 2026 Λυδοῖσι.
636 1968 684 2026 καί
692 1993 743 2029 κως
757 1972 785 2026 ἐν
798 1970 850 2043 μὲν
861 1967 979 2044 Σάρδισι

179 2054 271 2116 οῦκέτι
292 2056 385 2120 ἐόντας
404 2057 468 2118 τοῦς
483 2055 580 2118 Ἴωνας
601 2055 771 2132 εῦρίσκουσι,
800 2054 928 2131 ἑπόμενοι
949 2056 979 2114 δὲ

179 2145 251 2204 κατά
268 2147 379 2222 στίβον,
394 2146 520 2221 αἱρέουσι
538 2142 636 2206 αῦτοῦς
656 2149 684 2203 ἐν
696 2142 820 2223 Ἐφέσῳ·
842 2144 887 2202 καὶ
903 2141 978 2204 ἀντε-

178 2225 327 2305 τάχθησαν
346 2229 397 2304 μὲν
418 2230 445 2285 οἱ
462 2225 561 2294 Ἴωνες,
587 2225 785 2302 συμβαλόντες
813 2225 842 2284 δὲ
868 2226 978 2286 πολλόν

179 2315 360 2391 ἑσσώθησαν·
375 2317 421 2374 καὶ
430 2315 556 2377 πολλοῦς
570 2313 659 2372 αὐτῶν
670 2317 696 2372 οἱ
705 2314 816 2391 Πέρσαι
827 2314 978 2390 φονεύουσι

178 2403 285 2467 ἀλλους
300 2430 331 2464 τε
345 2402 517 2480 όνομαστοῦς
532 2408 560 2462 ἐν
573 2403 602 2461 δὲ
616 2402 650 2477 δη
665 2402 710 2460 καὶ
723 2401 880 2462 Εὐαλκίδεω
894 2429 978 2480 στρα·

178 2493 315 2574 τηγέοντα
326 2491 494 2570 Ἐρετριέων,
506 2489 739 2568 στεφανηφόρους
752 2517 782 2550 τε
795 2491 902 2574 ἀγῶνας
915 2490 978 2550 ἀνα-

177 2580 330 2658 ραιρηκότα
344 2581 390 2640 καὶ
399 2579 454 2640 ind
470 2580 624 2656 Σιμωνίδεω
636 2583 686 2638 τοῦ
698 2580 787 2656 Κηίου
800 2579 896 2640 πολλά
910 2584 979 2638 αἰνε-

179 2669 273 2728 θέντα.
315 2670 341 2729 οἳ
354 2668 486 2728 δέαῦτῶν
504 2668 650 2748 ἀπέφυγον
663 2666 715 2744 τήν
728 2667 830 2746 μάχην,
846 2666 979 2727 ἐσκεδάσ-

179 2757 273 2832 θησαν
284 2755 338 2818 ἀνοὶ
350 2757 400 2820 τοὶς
412 2755 523 2818 πόλιας.

212 2843 283 2904 Τότε
291 2844 387 2923 μὲνδὴ
401 2844 471 2904 οὕτω
483 2843 666 2925 ἠγωνίσαντο·
683 2844 754 2921 μετά
764 2845 801 2914 δὲ,
814 2843 958 2919 Ἀθηναῖοι
969 2847 1025 2904 103

177 2934 231 3009 μέν
237 2932 271 2992 τῦ
278 2932 411 3010 παράπαν
420 2931 606 2996 ἀπολιπόντες
613 2931 676 2994 τοῦς
684 2930 789 3000 Ἴωνας,
800 2933 978 3008 ἐπικαλεομέ-

178 3045 229 3079 νου
252 3020 344 3096 σφέας
365 3020 462 3080 πολλὰ
484 3019 517 3079 δι’
539 3019 666 3100 ἀγγέλων
686 3019 901 3099 Ἀρισταγόρεω,
929 3019 978 3079 οῦκ

179 3109 293 3184 ἔφασαν
305 3107 473 3186 τιμωρήσειν
486 3109 582 3182 σφίσι.
619 3107 711 3168 Ἴωνες
721 3107 750 3163 δὲ
763 3110 813 3180 τῆς
825 3106 979 3181 Ἀθηναίων

179 3198 344 3275 συμμαχίης
363 3196 550 3272 στερηθέντες,
565 3193 647 3272 (οὕτω
665 3192 719 3271 γάρ
739 3198 794 3266 σφι
812 3192 919 3269 ῦπῆρχε
932 3217 978 3250 πε-

179 3285 318 3361 ποιημένα
344 3290 371 3348 ἐς
397 3282 537 3360 Δαρεῖον,)
561 3279 639 3338 οῦδὲν
659 3277 694 3352 δὴ
715 3276 810 3353 ἧσσον
833 3278 883 3337 τόν
908 3277 979 3354 πρός
