2276 3554
155 88 289 151 ιον-ιω]
492 88 615 138 ιιιυιυο.4
899 89 946 139 τοι

151 195 179 230 τε
191 168 317 246 οικέομεν
331 169 377 227 καὶ
390 167 456 245 ὑμῖν
475 167 567 243 τοιήδε
583 194 625 232 τις
642 166 742 250 γίνοιτ’
756 165 790 229 ἂν
806 169 948 246 ἐπικουρίη

151 257 252 366 ψυχρή·
275 255 446 332 φθαίητε
407 282 464 336 γαρ
478 253 511 315 ἂν
524 256 665 322 πολλάκις
685 257 949 334 ἐξανδραποδισθέν·

151 372 192 408 τες
204 344 223 421 ἧ
236 372 300 405 τινα
303 333 485 403 πυθέσθαι
466 344 567 420 ημέων·
589 343 824 422 συμβουλεύομεν
838 345 867 404 δέ
883 344 949 422 ὑμῖν

151 434 242 493 δοῦναι
255 434 341 511 υμέας
354 432 453 495 αυτούς
471 431 655 508 Αθηναίοισι,
668 432 899 512 πλησιοχώροισί
915 458 946 492 τε

150 520 267 599 άνδράσι
289 523 334 580 καὶ
357 521 501 598 τιμωρέειν
526 525 605 581 ἐοῦσι
628 520 660 581 οὗ
682 521 819 584 κακοῖσι.”
859 525 948 582 ταῦτα

149 611 355 686 συνεβούλευον
382 611 409 668 οἶ
435 609 658 686 λακεδαιμάνιοι,
686 609 718 670 οὗ
745 609 815 670 κατά
843 609 950 686 εθνοίην

150 698 219 758 υῖτω
239 703 294 758 τοῖν
308 698 482 767 Πλαταιέων,
497 696 532 760 ὥς
551 697 725 774 βουλόμενοι
736 698 806 768 Ιτούς
822 697 950 774 Ἀθηναί-

149 813 196 850 ους
215 788 288 865 ἐχειν
307 786 408 848 τόνους
429 789 620 849 συνεστεῶτας
638 791 796 846 Βοιωτοῖσι·
817 786 950 846 Δακεδαι-

148 874 240 952 μόνιοι
253 875 306 951 μέν
320 901 367 934 νυν
382 877 560 933 Πλαταιεῦσι
580 879 668 934 ταῦτα
687 873 902 950 συνεβούλευον·
924 875 951 934 αῖ

150 962 179 1021 δὲ
200 963 250 1022 οὐκ
271 962 443 1039 ἠπίστησαν,
467 961 533 1021 ἀλλ’
554 961 708 1038 Ἀθηναίων
733 961 778 1039 ῖρά
802 962 951 1022 ποιεύντων

150 1055 226 1111 τοῖσι
241 1051 345 1110 διόδεκα
360 1052 458 1124 θεοῖσι,
476 1051 563 1110 ἱκέται
585 1051 704 1128 ἱζόμενοι
725 1053 771 1111 ἐπὶ
791 1051 840 1110 τόν
852 1048 952 1126 βωμόν

151 1140 279 1200 ἐδίδοσαν
293 1141 385 1215 σφέας
398 1139 506 1202 αὐτούς·
521 1141 644 1215 Θηβαῖοι
657 1139 687 1198 δὲ
700 1139 852 1216 πυθόμενοι
865 1142 953 1198 ταῦτα

151 1228 351 1306 ἐστρατεύοντο
369 1228 414 1286 ἐπι
432 1227 496 1290 τοῖς
510 1228 680 1297 Πλαταιέας,
693 1225 838 1336 Ἀθηναῖοι
854 1225 885 1286 δέ
897 1233 954 1303 σφι

152 1317 296 1393 ἐβοήθεον·
318 1315 481 1393 μελλόντων
503 1315 533 1374 δε
555 1316 706 1375 συνάπτειν
727 1315 831 1396 μάχην,
853 1316 953 1394 Κορίν-

151 1406 207 1464 θιοι
221 1431 253 1464 ου
245 1404 416 1481 ’περιεῖδον
439 1404 646 1483 παρατυχόντες
660 1405 689 1463 δὲ
703 1430 749 1462 και
738 1403 953 1475 καταλλάξαν-

150 1519 195 1556 τες
217 1492 421 1570 ἐπιτρεψάντων
442 1492 616 1569 άμφοτέρων,
639 1491 757 1570 οὔρισαν
783 1519 835 1570 την
860 1493 955 1572 χώρην

151 1583 197 1639 ἐπὶ
217 1581 322 1640 τοῖσδε·
345 1585 393 1639 ἐᾶν
407 1581 550 1655 Θηβαίους
565 1583 694 1639 Βοιωτῶν
713 1579 778 1644 τούς
794 1580 835 1656 μή
848 1582 953 1656 βουλυ-

149 1669 250 1745 μένονς
265 1674 291 1732 ἐς
301 1668 438 1731 Βοιωτους
451 1669 566 1728 τελέειν.
596 1669 741 1745 Κορίνθιοι
754 1671 806 1745 μέν
819 1668 852 1744 δὴ
866 1673 954 1728 ταῦτα

150 1757 265 1837 γνόντες
274 1756 510 1816 άταλλάσσοντο·
531 1755 707 1832 Ἀθηναίοισι
721 1757 751 1815 δὲ
764 1756 881 1816 άτιοῦσι
894 1761 954 1816 ἐπε·

151 1844 274 1920 θήκαντο
284 1846 410 1914 Βοιωτοὶ,
423 1846 580 1921 ἐπιθέμενοι
593 1844 623 1904 δὲ
638 1844 807 1921 ἑσσώθησαν
820 1844 953 1924 τῇμάχη·

151 1929 325 2008 ὑπερβάντες
339 1933 368 1992 δὲ
382 1935 409 1992 οἱ
422 1932 567 2008 Ἀθηναῖοι
579 1931 645 1998 ,τούς
658 1935 684 1992 οῖ
695 1932 840 2009 Κορίνθιοι
854 1933 955 2008 ἔθηκαν

108 2087 111 2090 ,
152 2025 331 2079 Πλαταιεῦσι
356 2021 424 2080 εἶναι
449 2019 554 2097 οὔρους,
577 2020 692 2083 τούτους
713 2019 884 2097 ὑπερβάντες
905 2021 954 2082 τδν

150 2101 284 2167 Ἀσωπόν
306 2107 390 2168 αὐτόν
413 2108 582 2184 ἐποιήσαντο
605 2106 687 2185 οὖρον
708 2109 863 2184 Θηβαίοισι
887 2110 957 2187 πρὸς

151 2198 315 2258 Πλαταιέας
330 2195 399 2256 εἶναι
410 2197 455 2255 καὶ
468 2195 573 2259 Ὑσιάς.
610 2196 711 2256 ἔδοσαν
723 2199 775 2273 μὲν
789 2195 823 2272 δη
838 2201 864 2256 οἱ
875 2203 956 2262 Πλατ

149 2285 241 2347 ταιέες
251 2285 343 2360 σφέας
354 2283 453 2348 αὐτοῖς
466 2283 643 2360 Ἀθηναίοισι
656 2283 749 2365 τρόπιρ
763 2289 801 2364 τῷ
815 2285 955 2367 εἰρημένῳ·

150 2371 222 2450 ἧκον
242 2372 325 2431 δέ
292 2399 355 2432 τοτε
378 2378 404 2436 ἐς
426 2374 587 2450 Μαραθῶνα
607 2373 783 2485 βοηθέρντες.

194 2465 277 2520 Τοῖσι
292 2461 321 2520 δὲ
333 2461 487 2536 Ἀθηναίων
498 2464 685 2541 στρατηγοῖσι
691 2462 819 2544 ἐγίνοντο
834 2462 937 2541 δίχα“
909 2489 938 2520 αι
948 2465 1003 2521 109

150 2551 269 2630 γνῶμαι,
283 2555 338 2609 τοῖν
358 2553 409 2627 μὲν
430 2549 479 2608 οὐκ
501 2547 605 2609 ε’ωντων
629 2549 820 2626 συμβάλλειν
845 2550 958 2630 ὀλίγους

151 2638 209 2718 γάρ
233 2637 304 2698 εἶναι
325 2641 444 2716 στρατιῇ
464 2642 500 2716 τῇ
522 2637 627 2712 Μήδων
648 2638 833 2713 συμβαλέειν·
858 2641 913 2697 τῶν
929 2638 958 2697 δὲ

152 2726 202 2783 καὶ
220 2725 381 2785 Μιλτιάδεω
401 2724 578 2786 κελευόντων·
603 2724 638 2789 οἷς
657 2725 687 2784 δὲ
703 2725 769 2806 δίχα
786 2752 817 2800 τε
836 2726 959 2807 ἐγίνοντο

153 2814 202 2872 καὶ
223 2815 299 2874 ἐνίκα
319 2813 337 2889 ἦ
357 2815 456 2893 χείρων
476 2818 531 2874 τῶν
550 2815 687 2895 γνωμέων,
706 2815 832 2884 ἐνθαῦτα,
850 2813 885 2890 ἦν
904 2815 959 2896 γάρ

153 2901 299 2964 ἐνδέκατος
309 2903 508 2980 ψηφιδοφόρος
519 2901 535 2961 ὁ
545 2906 583 2980 τῷ
593 2901 688 2981 κυάμῳ
701 2903 798 2982 λαχῶν
806 2901 961 2979 Ἀθηναίων

153 2991 370 3068 πολεμαρχέειν·
392 2990 424 3050 τό
442 2990 565 3050 παλαιόν
581 2992 636 3071 γάρ
650 2990 794 3066 Ἀθηναῖοι
808 2990 961 3068 ὁμόψηφον

153 3076 206 3137 τὸν
232 3078 451 3157 πολέμαρχον’
439 3083 580 3137 εποιεῦντο
604 3082 681 3136 τοῖσι
704 3081 899 3154 στρατηγοῖσι,
925 3077 961 3148 ἦν

154 3162 241 3223 δῖ’
207 3190 272 3223 τοτε
289 3167 469 3244 πολέμαρχος
489 3165 678 3238 Καλλίμαχος
693 3161 864 3232 Ἀφιδναῖος·
892 3182 962 3230 προς

154 3256 258 3314 τοῦτον
277 3251 367 3312 ἐλθων
387 3252 546 3324 Μιλτιάδης
567 3250 645 3323 ἔλεγε
666 3245 740 3302 τάδ’(
762 3246 817 3298 “fv
837 3241 886 3296 σοὶ
906 3243 963 3303 νῧντ

22 3479 210 3497 h-—gqfl-
