2282 3550
168 139 215 186 198
471 136 654 184 ἨΡΟΔΟΤΟΤ
891 133 967 196 [VH.

167 218 217 276 τοῦ
246 214 354 290 Ξέρξεω
383 214 591 291 στρατεύματος
618 211 743 289 ἀριθμός·
777 215 913 291 γυναικῶν
940 213 970 271 δὲ

167 302 339 371 σιτοποιέων,
365 303 411 360 καὶ
437 302 612 370 παλλακέων,
638 301 683 359 καὶ
711 298 856 378 εύνούχων,
881 299 970 364 οὐδεὶς

167 389 201 450 ἂν
214 391 286 448 εἴποι
300 388 416 466 ἀτρεκέα
434 389 561 466 ἀριθμόν·
584 387 639 448 οὐδ’
657 387 691 448 αὖ
708 387 861 468 ύποζυγίων
877 413 908 447 τε
923 389 970 447 καὶ

166 483 221 538 τῶν
248 476 343 537 ἀλλων
370 479 489 554 κτηνέων
513 481 569 538 τῶν
595 475 774 556 ἀχθοφόρων·
809 475 855 534 καὶ
882 481 970 536 κυνῶν

166 565 286 626 Ἰνδικῶν
299 569 354 625 τῶν
368 567 515 642 ἑπομένων,
531 565 586 625 οὐδ’
601 563 636 625 ἂν
652 564 757 625 τούτων
774 563 829 623 ύπὸ
846 563 971 639 πλήθεος

168 654 254 717 οὐδεὶς
281 653 314 714 ἂν
342 655 414 712 εἴποι
442 653 571 731 ἀριθμόν.
612 653 686 714 ὥστε
713 652 792 712 ούδέν
818 678 867 728 μοι
890 653 972 730 θῶμα

168 743 337 820 παρίσταται
353 741 504 818 προδοῦναι
521 741 556 802 ταὶ
572 742 673 820 ῥέεθρα
688 745 744 801 τῶν
758 745 892 816 ποταμῶν
909 741 972 801 ἔστι

168 835 230 900 τῶν,
247 829 324 913 ἀλλά
345 835 458 907 μᾶλλον
474 829 543 893 ὅκως
557 830 593 890 τά
611 829 689 889 σιτία
707 829 870 906 ἀντέχρησε,
890 829 972 904 θῶμά

167 945 224 996 μοι,
246 917 363 995 μυριάσι
383 917 548 997 τοσαύτῃσι·
579 917 697 994 εύρίσκω
717 916 773 997 γάρ
800 917 971 992 συμβαλλό-

167 1033 257 1083 μενος,
273 1011 296 1065 ez
315 1007 425 1084 χοίνικα
445 1009 539 1082 πυρῶν
559 1006 677 1068 ἕκαστος
697 1008 747 1080 τῆς
763 1003 867 1082 ἡμέρης
884 1004 971 1082 ε’λάμ·

166 1095 239 1170 βανε
261 1095 306 1153 καὶ
328 1094 414 1171 μηδὲν
438 1095 534 1163 πλέον,
557 1094 652 1154 ἕνδεκα
675 1092 809 1170 μυριάδας
831 1093 972 1169 μεδίμνων

112 1229 114 1231 -
166 1184 331 1259 τελεομένας
347 1181 388 1241 ἐπ’
404 1181 495 1260 ἡμέρη
514 1181 626 1260 ἑκάστη,
641 1182 687 1240 καὶ
702 1180 780 1258 πρός,
794 1181 972 1257 τριηκοσίους

167 1296 198 1329 τε
218 1269 324 1333 ἄλλους
339 1270 486 1347 μεδίμνους
505 1272 551 1328 καὶ
571 1269 787 1348 τεσσεράκοντα·
811 1270 919 1349 γυναιξὶ
939 1271 971 1330 δὲ

168 1359 213 1416 καὶ
235 1357 393 1436 εὐνούχοισι
415 1359 460 1416 καὶ
481 1358 657 1439 ὑποζυγίοισι
678 1358 724 1416 καὶ
745 1356 819 1427 κυσὶ,
836 1356 868 1416 ού
890 1359 970 1439 λογί-

167 1447 258 1523 ζομαι.
300 1445 405 1523 ἀνδρῶν
432 1445 455 1505 δ’
484 1447 602 1506 ἐουσέων
628 1446 782 1506 τοσουτέων
807 1446 968 1522 μυριαδέων,

168 1533 288 1596 κάλλεός
320 1560 351 1593 τε
381 1535 471 1594 εἵνεκα
508 1535 552 1593 καὶ
588 1533 724 1614 μεγάθεος
758 1533 845 1596 οὐδεὶς
879 1533 970 1594 αὐτῶν

167 1621 368 1699 ἀξιονικότερος
396 1621 431 1698 ἦν
460 1622 545 1682 αὐτοῦ
578 1623 686 1699 Ξέρξεω
720 1625 793 1701 ἔχειν
822 1627 904 1682 τοῦτο
934 1623 969 1685 τό

168 1709 278 1788 κράτος.

122 1801 178 1858 188
207 1798 241 1858 Ὁ
256 1799 286 1859 δὲ
299 1798 333 1874 δὴ
347 1797 473 1861 ναυτικάς
488 1799 608 1876 στρατός
623 1799 685 1856 ε’πεί
695 1823 725 1857 τε
736 1797 867 1875 ὁρμηθεὶς
878 1798 969 1869 ἔπλεε,

168 1888 214 1946 καὶ
230 1889 351 1966 κατέσχε
367 1891 417 1962 τῆς
433 1887 602 1967 Μαγνησίης
617 1885 711 1965 χώρης
726 1891 754 1948 ε’ς
770 1884 821 1946 τόν
837 1886 970 1966 αἰγιαλόν

166 1975 216 2036 τόν
233 1976 337 2053 μεταξύ
355 1976 538 2050 Κασθαναίης
555 2001 586 2034 τε
603 1974 703 2038 πόλιος
720 1973 800 2034 ε’όντα
817 1975 863 2034 καὶ
881 1976 968 2050 Σηπι-

168 2063 232 2127 άδος
245 2064 338 2139 ἀκτῆς,
353 2067 382 2121 αἱ
395 2065 446 2139 μὲν
460 2064 493 2138 δὴ
508 2067 614 2140 πρῶται
628 2066 683 2122 τῶν
696 2067 763 2123 νεῶν
777 2061 883 2139 ῶρμεον
897 2065 969 2140 πρός

166 2156 212 2232 γῇ,
228 2151 315 2210 ἄλλαι
328 2151 351 2210 δ’
365 2151 406 2210 ἐπ’
421 2152 542 2230 ε’κείνησι
561 2149 603 2208 ἐπ’
617 2149 765 2231 ἀγκυρέων·
787 2150 835 2209 ἅτε
848 2151 903 2230 γάρ
912 2157 964 2214 ros

168 2243 297 2320 αἰγιαλοῦ
318 2237 410 2302 ε’όντος
430 2237 462 2296 ού
482 2237 617 2319 μεγάλου,
634 2238 813 2315 πρόκροσσαι
833 2237 970 2315 ὁρμέοντο

167 2332 195 2390 ἐς
207 2326 317 2398 πόντον,
330 2327 375 2384 καὶ
390 2327 435 2384 ἐπὶ
448 2325 519 2386 ἀκτῶ
534 2327 605 2390 νέας·
625 2326 728 2403 ταύτην
741 2329 792 2402 μὲν
802 2326 853 2402 τήν
867 2325 968 2405 εύφρό-
994 2351 997 2354 “

167 2441 216 2491 νην
230 2413 308 2474 οὕτω·
330 2413 388 2490 ἅμα
402 2415 431 2473 δὲ
450 2413 549 2493 ὄρθρῳ,
564 2416 595 2484 ἐξ
610 2416 717 2491 αἰθρίης
730 2441 760 2475 τε
779 2415 825 2474 καὶ
839 2415 970 2492 νηνεμίης

167 2507 217 2580 τῆς
244 2501 393 2578 θαλάσσης
420 2502 550 2579 ζεσάσης,
578 2503 698 2561 ε’πέπεσέ
724 2509 780 2578 σφι
806 2501 910 2581 χειμῶν
937 2530 969 2565 τε

166 2592 254 2674 μέγας
264 2592 309 2650 καὶ
323 2590 432 2654 πολλός
445 2589 545 2666 ἅνεμος
559 2589 727 2666 ἀπηλιώτης,
738 2591 787 2651 τόν
798 2591 832 2666 δὴ
842 2590 968 2669 Ἑλλησ-

167 2680 282 2756 ποντίην
296 2680 429 2738 καλέουσι
443 2681 469 2736 οἶ
483 2679 546 2755 περὶ
559 2683 647 2738 ταῦτα
662 2679 697 2738 τά
715 2680 804 2758 χωρία
817 2681 967 2756 οἰκημένοι.

169 2767 234 2828 ὅσοι
254 2767 306 2843 μέν
327 2792 374 2826 νυν
395 2765 484 2825 αὐτῶν
505 2765 655 2842 αὐξόμενον
677 2768 780 2844 ἔμαθον
795 2768 845 2828 τόν
865 2767 969 2846 ἄνεμον

168 2857 214 2914 καὶ
226 2858 302 2914 τοῖσι
313 2853 382 2914 οὕτω
393 2854 450 2933 εἶχε
462 2853 557 2930 ὅρμου,
570 2858 596 2912 οἱ
609 2853 631 2912 δ’
643 2856 772 2931 ἔφθησαν
781 2855 832 2916 τόν
844 2861 969 2935 χειμῶνα

168 2942 382 3004 ἀνασπάσαντες
397 2942 446 3003 τὰς
465 2943 534 3011 νέας,
552 2943 598 3000 καὶ
620 2942 700 3002 αὐτοί
714 2969 745 3003 τε
763 2948 903 3020 περιῆσαν
921 2946 969 3004 καὶ

168 3034 196 3088 αἱ
214 3031 271 3092 νέες
291 3028 389 3088 αὐτῶν·
410 3028 479 3092 ὅσας
500 3030 529 3088 δὲ
549 3033 603 3090 τῶν
619 3034 686 3090 νεῶν
698 3033 852 3108 μεταρσίας
870 3033 969 3110 ἔλαβε,

165 3116 216 3179 τάς
232 3119 283 3192 μὲν
303 3117 416 3192 ἐξέφερε
433 3117 503 3191 πρὸς
521 3117 630 3180 Ἰπνούς
650 3120 835 3194 καλεομένους
854 3118 920 3184 τούς
939 3127 970 3182 ἐν

167 3205 274 3279 Πηλίῳ,
289 3202 338 3264 τὰς
351 3203 381 3260 δὲ
395 3208 421 3265 ἐς
434 3203 483 3262 τόν
497 3204 635 3283 αἰγιαλόν·
657 3209 686 3264 αἱ
700 3206 729 3264 δὲ
739 3208 803 3284 περὶ
816 3207 903 3284 αὐτὴν
915 3208 971 3285 τὴν

168 3284 297 3363 Σηπιάδά
311 3291 500 3365 περιέπιπτον,
520 3295 548 3350 αἱ
565 3291 594 3350 δὲ
608 3298 636 3356 ἐς
652 3296 815 3372 Μελίβοιαν
828 3295 924 3366 πόλιν,
939 3301 970 3357 αἶ
