2276 3554
184 107 212 173 9]
480 128 485 138 ·
500 109 685 160 ΠΟΔΤΜΝῙΔ.
937 111 983 160 12³

184 193 246 249 ἐστι
266 187 346 250 οὕτω·
369 189 412 249 ἶνα
425 189 455 248 δέ
468 187 509 265 μὴ
531 189 731 269 ἰδιοβουλεύειν
750 188 817 266 ύμῖν
837 188 930 259 δοκέω,
943 191 983 250 τί·

183 277 253 354 θημι
273 275 307 338 τά
328 281 445 358 πρῆγμα
464 283 492 340 ἐς
511 277 609 353 μέσον,
628 276 741 358 γνώμην
757 277 876 338 κελεύων
893 277 984 356 ύμέων

182 366 231 426 τόν
243 367 421 443 βουλόμενον
433 365 668 443 άποφαίνεσθαι.”
708 371 797 426 ταῦτα
809 367 887 430 εἶπας
900 367 981 428 ἐπαύ-

181 479 238 514 ετο.

222 541 294 602 Μετ’
308 541 391 602 αύτδν
411 543 441 602 δέ
458 541 614 619 Μαρδόνιος
630 543 719 624 ἐλεγε·
740 540 787 600 “u’'
803 542 936 613 δέσποτα,
950 542 983 603 ού
997 545 1015 602 9

180 630 269 707 μόνον
282 630 320 694 είς
332 634 387 690 τῶν
398 631 554 711 γενομένων
568 631 701 707 Περσέων
719 630 833 708 ἄριστος
846 629 923 690 άλλά
937 631 983 690 καὶ

179 723 236 779 τῶν
253 720 401 796 ἐσομένων·
423 719 454 784 ὃς
471 719 507 779 τά
522 745 553 780 τε
568 718 646 778 ἅλλα
660 721 751 802 λόγων
767 720 860 778 ἐπίκεο
880 717 983 796 άριστα

180 809 228 866 καὶ
240 806 430 884 ἀληθέστατα,
445 809 495 867 καὶ
506 807 603 872 Ἴωνας
615 808 679 872 τούς
693 814 721 868 ἐν
734 813 770 888 τῇ
783 806 905 887 Εύριίπη
918 833 981 868 κατ-

180 899 342 974 οικημένους
368 897 418 956 οὐκ
445 897 536 960 ἐάσεις
563 897 755 979 καταγελάσαι
782 895 860 973 ἡμῖν,
888 895 982 960 ἐόντας

180 983 318 1055 άναξίους·
340 986 386 1044 καὶ
406 986 462 1067 γάρ
481 985 569 1046 δεινόν
587 984 621 1047 ἂν
640 987 682 1062 εἴη
700 990 825 1067 πρῆγμα,
848 988 872 1044 εί
889 983 982 1050 Σάκας

178 1076 232 1148 μέν
246 1075 292 1133 καὶ
300 1074 403 1138 Ἰνδούς
414 1075 460 1134 καὶ
469 1074 606 1138 Αἰθίοπάς
618 1101 650 1134 τε
663 1073 709 1133 καὶ
721 1073 891 1151 Ἀσσυρίους
904 1072 981 1133 ἅλλα

178 1187 210 1222 τε
232 1164 313 1222 ἐθνεα
333 1163 431 1222 πολλά
455 1164 500 1222 καὶ
522 1161 644 1244 μεγάλα,
668 1161 841 1239 α’δικήσαντα
864 1162 978 1240 Πέρσας

179 1249 261 1310 ούδέν
273 1251 350 1310 άλλά
363 1251 478 1328 δύναμιν
490 1251 691 1329 προσκτᾶσθαι
703 1249 883 1326 βουλόμενοι,
898 1276 979 1310 κατα·

179 1341 369 1417 στρεφόμενοι
389 1341 505 1403 δούλους
525 1341 633 1420 ἐχομεν,
643 1338 786 1415 Ἕλληνας
799 1338 829 1398 δέ
844 1337 979 1414 ύπάρξαν-

177 1452 229 1490 τας
246 1426 360 1504 α’δικίης,
381 1427 414 1487 ού
429 1429 656 1506 τιμωρησόμεθα·
676 1428 707 1487 τί
723 1427 880 1496 δείσαντεςς
902 1427 981 1503 κοίην

178 1515 305 1592 πλήθεος
325 1516 501 1594 συστροφήν,
525 1518 602 1593 κοίην
625 1517 655 1576 δέ
674 1514 824 1594 χρημάτων
845 1514 979 1591 δύναμιν;

177 1608 234 1664 τῶν
253 1605 426 1682 ἐπισταίμεθα
439 1607 491 1680 μέν
503 1603 555 1681 τὴν
570 1603 673 1684 μάχην,
688 1603 862 1681 ἐπιστάμεθα
880 1603 909 1663 δέ
929 1603 981 1680 τὴν

177 1692 296 1770 δύναμιν
320 1696 421 1752 ἐοῦσαν
445 1691 578 1753 άσθενέα·
602 1694 703 1772 ἔχομεν
722 1692 752 1752 δέ
772 1691 861 1752 αύπῶν
880 1691 980 1756 παῖδας

177 1782 440 1859 καταστρεψάμενοι
456 1780 579 1851 τούτους,
598 1780 626 1841 οῗ
643 1786 673 1840 ἐν
693 1783 729 1858 τῇ
748 1779 869 1859 ἡμετέρη
889 1805 980 1840 κατοι·

177 1871 302 1946 κημένοι,
310 1869 403 1934 Ἴωνές
414 1895 446 1929 πε
459 1871 505 1928 καὶ
514 1871 629 1933 Αἰολέες
637 1869 683 1928 καὶ
692 1869 810 1945 Δωριέες
823 1870 979 1929 καλέονται.

177 1958 329 2036 ἐπειρήθην
348 1959 378 2018 δέ
398 1959 444 2017 καὶ
464 1957 547 2021 αύτδς
561 1957 615 2034 ἤδη
629 1956 786 2017 ἐπελαύνων
800 1957 845 2016 ἐπὶ
857 1956 921 2020 τούς
934 1955 979 2018 ιῖν-

177 2046 246 2124 spus
262 2046 385 2117 τούτους,
398 2045 453 2106 ύπδ
475 2046 581 2123 πατρός
600 2050 651 2105 τοῦ
672 2049 726 2105 σοῦ
743 2046 911 2109 κελευσθείς·
933 2046 982 2106 καί

175 2159 228 2212 μοι
247 2135 332 2213 μέχρι
350 2134 524 2210 Μακεδονίης
542 2133 686 2204 ἐλάσαντι,
700 2134 746 2192 καὶ
762 2131 860 2214 ὀλίγον
880 2131 979 2194 άπολι·

175 2222 260 2282 πόνπι
282 2227 310 2286 ἐς
330 2221 415 2286 αύτάς
431 2221 551 2297 Ἀθήνας
573 2221 732 2292 ἀπικέσθαι,
752 2221 840 2286 οὐδεὶς
859 2221 979 2298 ιίντιάθη

175 2315 206 2374 ἐς
224 2311 330 2390 μάχην.
372 2312 461 2370 καίτοι
473 2337 507 2391 γε
521 2310 625 2370 ἐώθασι
633 2309 781 2386 Ἕλληνες,
796 2311 831 2375 οἷς
844 2310 979 2372 πυνθάνο-

174 2425 237 2478 μαι,
254 2398 438 2476 άβσυλότατα
457 2400 599 2475 πολέμους
620 2399 763 2472 ἵστασθαι,
778 2399 833 2460 ύπό
849 2425 879 2459 τε
892 2398 978 2480 άγνω-

174 2487 303 2565 μοσύνης
316 2488 361 2546 καὶ
375 2487 549 2563 σκαιότητος·
572 2486 655 2546 ἐπεάν
676 2485 731 2566 γάρ
751 2486 909 2562 ἀλλήλοισι
929 2486 978 2548 πό-

174 2579 266 2652 λεμον
287 2578 451 2652 προείπωσι,
471 2575 626 2652 ἐξευρόντες
647 2575 680 2634 τδ
703 2573 860 2636 κάλλιστον
877 2576 979 2654 χωρίον

176 2664 224 2722 καὶ
246 2663 400 2733 λειότατον,
421 2669 448 2726 ἐς
469 2667 553 2722 τοΐπο
574 2662 713 2726 κατιόντες
736 2663 884 2742 μάχονται·
905 2662 979 2724 ὥστε

175 2752 232 2811 σύν
245 2755 320 2830 κακῷ
339 2751 453 2833 μεγάλῳ
467 2754 494 2810 οἱ
507 2755 633 2815 νικῶντες
646 2749 893 2812 άπαλλάσσονται·
914 2752 979 2830 περὶ

175 2840 208 2899 δέ
219 2844 276 2899 τῶν
290 2840 456 2915 ἐσσωμένων
469 2838 532 2898 ούδέ
544 2841 619 2920 λέγω
632 2837 731 2918 άρχήν,
746 2839 858 2910 ἐξώλεες
869 2839 924 2920 γάρ
943 2839 978 2916 δη

173 2930 311 3008 γίνονται·
338 2927 403 2990 τούς
425 2933 505 3007 χρῆν,
527 2927 622 2991 ἐόντας
644 2927 857 3009 όμογλιίσσους,
882 2926 980 3004 κήρυξί

174 3043 207 3076 τε
222 3017 439 3096 διαχρεωμένους
453 3015 498 3074 καὶ
511 3016 660 3096 άγγέλοισι
682 3013 909 3090 καταλαμβάνειν
929 3015 980 3076 τάς

175 3104 324 3181 διαφοράς,
339 3105 385 3162 καὶ
398 3103 482 3163 παντὶ
494 3107 608 3178 μᾶλλον
620 3100 639 3175 ἢ
651 3101 771 3176 μάχηαι·
793 3104 817 3156 εἰ
829 3099 859 3154 δέ
872 3098 980 3157 πάντως

175 3193 234 3251 ἐδεε
255 3191 405 3268 πολεμέειν
419 3190 489 3267 πρός
501 3187 656 3261 ἀλλήλους,
671 3183 837 3257 ἐξευρίσκῑῑν
856 3183 929 3252 ΧΡῆν
944 3182 980 3250 Τί]

174 3277 307 3353 ἐκάτεροί
328 3282 385 3339 εἰσι
407 3272 666 3355 δυσχειρωτότατοι,
691 3267 736 3322 καὶ
762 3262 849 3331 msto
873 3263 981 3329 πειρᾶν·

1054 3359 1106 3470 Α
