2282 3550
165 145 306 210 ιτα-ιιι]
493 141 658 193 ουτιτιικμ
918 143 965 190 ιω

163 227 273 306 ἐγένετο
291 223 403 300 ἀνδριάς
424 224 493 300 ἔχων
515 227 543 281 ἔν
564 225 599 300 τῇ
620 222 682 299 χερὶ
703 219 873 298 ἀκρωτήριον
893 221 966 295 νηός,

162 312 214 372 ε’ὠν
235 312 358 393 μέγαθος
378 310 543 369 δυοκαίδεκα
564 310 685 388 πήχεων·
708 308 821 384 ἑστήκεε
838 309 868 367 δὲ
887 305 968 371 οὗτος

161 405 198 479 τῇ
211 427 263 477 περ
283 399 298 460 ὁ
318 397 454 458 Μακεδοδν
470 397 655 473 Ἀλέξανδρος
669 397 684 456 ὁ
698 397 827 476 χρύσεος.
870 397 1014 473 Hip-122

164 497 264 565 ψαντες
283 487 313 546 δὲ
333 487 476 563 ἀκροθίνια
497 489 524 545 οἱ
539 485 679 561 Ἕλληνες
695 490 722 548 ές
742 485 882 561 Δελφοδς,
897 491 967 544 ε’πει-

163 576 265 652 ριίτεον
291 574 341 636 τάν
370 575 433 635 θεὸν
456 578 543 653 κοινῇ,
568 577 591 633 εἰ
615 572 760 649 λελάβηκε
786 573 897 650 πλήρεα
922 574 967 633 καὶ

164 663 271 739 ἀρεστά
284 663 321 724 τά
342 662 503 739 ἀκροθίνια;
527 662 542 721 ὁ
562 662 592 720 δὲ
607 659 673 739 παρ’
691 661 836 734 Ἐλλήνων
848 664 900 738 μὲν
913 666 967 722 τῶν

164 749 259 811 ἀλλων
280 752 370 827 ἔφησε
392 753 473 829 ἔχειν,
496 750 560 827 παρ’
582 751 750 831 Αἰγινητέων
771 749 800 808 δὲ
821 747 863 808 οὗ·
891 748 968 809 ἀλλά

164 839 279 899 ἀπαίτεε
293 839 392 902 αὐτοῦς
404 837 440 898 τά
453 836 586 916 ἀριστήϊα
599 842 649 914 τῆς
663 842 691 896 ἐν
709 839 849 914 Σαλαμῖνι
864 863 966 914 ναυμα-

164 929 236 1006 χίης·
271 932 418 1009 Αἰγινῆται
445 926 475 986 δὲ
501 926 661 1003 πυθόμενοι,
686 926 823 986 ἀνέθεσαν
846 925 967 1004 ἀστέρας

164 1018 309 1095 χρυσέους,
324 1015 351 1074 οῗ
365 1016 411 1074 ε’πὶ
425 1018 507 1074 ἱστοῦ
519 1016 643 1093 χαλκέου
657 1017 759 1074 ε’στᾶσι
772 1017 845 1091 τρεῖς
859 1015 904 1072 ε’πὶ
917 1018 968 1089 τῆς

163 1105 272 1183 γωνίης,
289 1103 436 1185 ἀγχοτάτω
456 1107 506 1162 τοῦ
528 1103 658 1180 Κροίσεω
678 1106 820 1179 κρητῆρος.
865 1103 946 1162 Μετά
958 1107 1013 1163 123

164 1192 194 1251 δὲ
206 1192 257 1268 τὴν
270 1193 405 1268 διαίρεσιν
414 1195 465 1268 τῆς
478 1191 558 1266 ληίης
572 1192 680 1250 ἔπλωον
691 1189 864 1268 οἶἚλληνες
878 1197 905 1255 ε’ς
917 1191 967 1251 τάν

163 1279 288 1357 Ἰσθμόν,
309 1279 441 1356 ἀριστήῖα
461 1278 597 1342 δώσοντες
614 1284 652 1357 τῷ
670 1278 811 1359 ἀξιωτάτῳ
829 1281 967 1361 γενομένῳ

164 1366 309 1444 Ἑλλήνων
323 1366 375 1426 ἀνά
388 1367 438 1426 τάν
451 1365 578 1444 πόλεμον
591 1371 699 1428 τοῦτον·
717 1367 751 1432 ὥς
765 1368 795 1427 δὲ
805 1367 967 1446 ἀπικόμενοι

165 1459 191 1516 οἱ
204 1456 360 1537 στρατηγοὶ
373 1455 498 1532 διένεμον
510 1454 560 1519 τάς
574 1455 686 1533 ψήφους
705 1457 750 1516 ε’πὶ
765 1461 815 1516 τοῦ
833 1458 966 1516 Ποσειδέ-

164 1571 232 1608 ωνος
253 1548 291 1624 τῷ
311 1545 407 1623 βωμῷ,
425 1543 475 1604 τδν
498 1549 607 1621 πρῶτον
626 1545 671 1603 καὶ
692 1544 743 1605 τάν
761 1545 888 1623 δεύτερον
912 1547 963 1622 κρί-

165 1659 256 1696 νοντες
279 1637 309 1692 ἔκ
330 1632 449 1693 πάντων·
486 1633 604 1692 ἐνθαῦτα
626 1637 681 1696 πᾶς
701 1659 743 1696 τις
766 1633 856 1693 αὐτῶν
878 1637 966 1712 ἑωυτῷ

166 1722 271 1782 ἐτίθετο
291 1721 343 1797 τήν
363 1724 470 1799 ψῆφον,
492 1719 575 1784 αάτδς
596 1721 713 1784 ἕκαστος
733 1721 834 1781 δοκέων
854 1720 968 1796 ἄριστος

165 1811 307 1890 γενέσθαι·
328 1808 442 1886 δεύτερα
456 1809 494 1879 δὲ,
509 1813 536 1869 οἰ
548 1810 654 1868 πολλοὶ
672 1809 873 1878 συνεξέπιπτον
886 1815 968 1884 Θεμι-

165 1899 289 1958 στοκλέα
303 1897 445 1975 κρίνοντες.
483 1900 573 1974 οἱμὲν
588 1897 621 1973 δὴ
636 1903 810 1974 ἐμουνοῦντο·
831 1903 968 1972 Θεμιστο-

166 1988 249 2063 κλέης
269 1986 298 2046 δὲ
316 1986 494 2063 δευτερείοισι
510 1985 722 2062 ὕπερεβάλλετο
744 1984 864 2045 πολλάν.
906 1983 948 2044 Οὐ
959 1987 1014 2044 124

165 2075 347 2151 βουλομένων
363 2075 393 2134 δὲ
410 2077 498 2134 ταῦτα
515 2075 615 2151 κρίνειν
632 2079 688 2134 τῶν
700 2073 845 2150 Ἑλλήνων
862 2073 965 2153 φθόνῳ,

166 2162 231 2222 ἀλλ’
245 2161 450 2223 άπαπλωάντων
467 2161 591 2222 ἑκάστων
609 2167 636 2225 ές
651 2162 703 2238 τήν
719 2167 824 2222 ἑωυτῶν
843 2161 967 2239 ἀκρίτων,

166 2250 239 2327 ὅμως
261 2252 470 2328 Θεμιστοκλέης
494 2250 610 2326 ἐβώσθη
637 2277 668 2310 τε
690 2251 736 2309 καὶ
757 2250 879 2327 ε’δοξοίθη
900 2251 969 2312 εἶναι

166 2338 235 2417 ἀνήρ
255 2339 366 2400 πολλδν
382 2339 527 2415 Ἑλλήνων
548 2338 714 2414 σοφοίτατος
734 2339 786 2400 ἀνά
804 2345 901 2400 πᾶσαν
917 2340 969 2416 τήν

166 2426 301 2488 Ἐλλάδα.
342 2429 385 2488 ὅτι
406 2428 436 2488 δὲ
456 2431 537 2488 νικῶν
558 2427 608 2487 οὐκ
631 2428 748 2505 ἐτιμήθη
769 2430 839 2506 πρὸς
865 2433 919 2488 τῶν
940 2435 969 2488 ε’ν

167 2517 307 2593 Σαλαμῖνι
330 2515 577 2595 ναυμαχησάντων,
602 2516 700 2575 αὐτίκα
727 2517 798 2593 μετά
826 2521 914 2576 ταῦτα
942 2522 969 2580 ἒς

166 2605 361 2682 Λακεδαίμονα
387 2604 510 2674 ἀπίκετο,
532 2605 621 2665 θέλων
647 2606 806 2682 τιμηθῆναι·
850 2606 898 2662 καί
919 2631 967 2680 μιν

167 2693 380 2770 Λακεδαιμόνιοι
401 2697 492 2756 καλῶς
515 2696 567 2770 μὲν
589 2692 765 2762 ὖπεδέξαντο,
788 2692 918 2771 μεγάλως
939 2691 968 2750 δὲ

167 2782 311 2857 ἐτίμησαν·
354 2780 486 2859 ἀριστήῖα
512 2783 564 2857 μέν
591 2807 639 2841 νυν
669 2781 770 2840 ἔδοσαν
796 2778 967 2858 Εὐρυβιάδῃ,

167 2871 262 2945 ε’λαίης
282 2871 435 2946 στέφανον·
459 2871 564 2945 σοφίης
585 2869 679 2928 δὲκαὶ
701 2868 864 2944 δεξιότητος,
886 2875 968 2945 Θεμι-

167 2961 291 3027 στοκλέι,
306 2958 351 3016 καὶ
364 2957 451 3036 τούτῳ
465 2958 608 3033 στέφανον
622 2959 724 3032 ε’λαίης·
748 2956 922 3034 ἐδωρήσαντο
939 2957 970 3017 δέ

166 3069 214 3120 μιν
230 3044 287 3125 ὄχῳ
307 3050 345 3124 τῷ
362 3051 390 3104 ἐν
407 3045 522 3124 Σπάρτῃ
542 3045 790 3105 καλλιστεύσαντι·
812 3045 969 3108 αἰνέσαντες

167 3133 196 3191 δὲ
209 3133 315 3204 πολλά,
330 3135 515 3211 προέπεμψαν
529 3134 645 3193 ἀπιόντα
660 3133 816 3210 τριηκόσιοι
829 3135 967 3208 Σπαρτιη-

167 3221 234 3286 τέων
254 3221 381 3302 λογάδες,
396 3219 472 3280 οὗτοι
492 3222 571 3296 οἷπερ
594 3222 689 3281 ἱππέες
709 3221 863 3291 καλέονται,
885 3221 968 3296 μέχρι

167 3309 254 3388 οὔρων
271 3313 326 3370 τῶν
347 3313 526 3389 Τεγεητικῶν.
567 3311 670 3382 μοῦνον
688 3306 722 3381 δή
741 3310 841 3366 τοῦτον
859 3305 969 3365 πάντων
