2258 3568
559 29 611 78 ῑῠ,

169 144 201 195 ιο
475 139 658 189 Ἢοοιοπου
846 203 850 214 ¹
906 135 968 202 [νκ

171 221 320 299 Μιλησίου
346 220 579 297 πολιορκηθέντες
605 220 651 278 καὶ
677 217 823 296 προσόδων
850 218 971 278 ἐουσέων

171 311 323 392 μεγαλέων,
338 309 467 388 ἐχρέοντο
484 313 562 368 τοῖσι
579 307 709 386 χρήμασι
730 311 795 370 ναῦς
816 331 847 366 τε
868 331 971 382 ναυπη-

171 397 299 479 γεύμενοι
312 396 421 473 μακρῶς
434 397 480 456 καί
493 401 586 476 τεῖχος
604 395 784 473 ἰσχυρότερον
797 393 971 470 περιβαλλά·

170 511 258 562 μενοι.
291 484 309 560 ἡ
324 485 353 543 δὲ
366 484 507 562 πρόσοδός
520 491 576 560 σφι
590 485 694 564 ἐγίνετο
709 484 738 542 ἐκ
750 508 781 542 τε
793 487 844 557 τῆς
856 480 972 557 ἠπείρου

172 574 219 632 καὶ
239 572 296 633 α’πά
317 576 372 632 τῶν
392 571 550 649 μετάλλων·
573 577 603 630 ἐκ
620 571 672 648 μέν
689 597 722 652 γε
740 575 793 630 τῶν
812 575 841 629 ἐν
856 571 973 647 Σκαπτῇ

167 661 251 740 Ὕλη,
264 664 320 720 τῶν
332 661 460 740 χρυσέων
472 659 628 736 μετάλλων,
643 658 675 719 τά
696 660 797 718 ἐπίπαν
815 657 974 738 ὀγδώκοντα

172 749 298 808 τάλαντα
311 747 441 824 προσήῖε·
463 753 493 806 ἐκ
507 749 536 808 δὲ
549 753 604 807 τῶν
623 753 652 806 ἐν
673 746 744 824 αύτῇ
756 746 842 824 Θάσῳ
856 745 974 805 ἐλάσαιο

172 839 223 914 μὲν
242 837 355 906 τούτων,
375 835 467 914 συχνά
486 837 515 896 δέ
534 837 605 896 οὕτω
624 836 696 896 ὥστε
717 835 749 895 τό
771 835 873 894 ἐπίπαν
886 835 975 893 Θασί·

173 951 240 994 οισι,
266 928 344 984 ἐοῦσι
366 928 479 1000 καρπῶν
500 925 623 994 ἀτελέσι,
648 924 769 1002 προσ-η’ῐε
790 921 848 982 ἀπό
870 947 902 981 τε
925 926 975 998 τῆς

172 1011 288 1090 ἠπείρου
310 1013 356 1071 καὶ
376 1017 432 1072 τῶν
453 1012 602 1090 μετάλλων
616 1015 690 1076 ἔτεος
704 1012 824 1072 ἑκάστου
844 1010 975 1086 διηκόσια

172 1100 306 1161 τάλαντα·
328 1100 374 1160 ῦτε
395 1103 425 1160 δέ
445 1102 478 1160 τό
493 1105 631 1160 πλεῖστον
644 1101 801 1177 προσῆλθε,
815 1097 974 1175 τριηκόσια.

125 1191 163 1249 47
176 1189 260 1249 Εἶδον
281 1189 310 1248 δὲ
330 1190 375 1248 καὶ
394 1188 478 1252 αῦτός
492 1189 528 1248 τά
545 1190 675 1265 μέταλλα
693 1193 790 1247 ταῦτα·
813 1188 858 1246 καὶ
878 1185 976 1266 μακρῷ

173 1277 208 1353 ἧν
230 1277 320 1337 αὐτῶν
339 1277 543 1354 θωμασιώτατα
561 1276 597 1336 τά
616 1281 642 1336 οἱ
662 1279 786 1340 Φοίνικες
803 1276 927 1353 ἀνεῦρον,
949 1279 976 1335 οἱ

174 1366 245 1442 μετά
259 1365 357 1425 Θάσου
378 1366 523 1429 κτίσαντες
540 1365 592 1441 την
606 1370 695 1440 νῆσον
714 1365 826 1441 ταύτην·
847 1363 908 1440 ἥτις
927 1368 976 1424 νῦν

175 1453 220 1512 ἐπὶ
233 1457 284 1513 τοῦ
297 1453 395 1512 Θάσου
408 1453 508 1514 τούτου
522 1458 572 1514 τοῦ
586 1455 713 1518 Φοίνικος
724 1453 757 1513 *ro*
772 1452 877 1529 οὕνομα
898 1453 975 1531 ἔσχε.

174 1540 209 1600 τά
226 1541 255 1600 δέ
271 1542 401 1617 μέταλλα
413 1542 449 1601 τά
468 1542 611 1602 Φοινικικὰ
624 1546 712 1602 ταῦτα
730 1543 791 1606 ἔστι
808 1545 859 1616 τῆς
877 1539 976 1600 Θάσου

173 1628 278 1705 μεταξύ
293 1629 416 1705 Αἰνύρων
428 1657 459 1689 πε
472 1631 565 1709 χοίρου
580 1632 749 1706 καλεομένου
763 1630 809 1688 καὶ
823 1628 975 1706 Κοινύρων,

174 1715 268 1776 ἀντίον
308 1721 320 1776 ἐ
342 1719 546 1796 Σαμοθρηίκης·
569 1718 632 1796 ὄρος
652 1720 733 1799 μέγα,
749 1717 976 1794 ἀνεστραμμένον

175 1809 204 1865 ἐν
224 1811 260 1884 τῇ
278 1805 402 1882 ζητήσει.
444 1812 528 1867 τοῦτο
547 1808 599 1884 μέν
620 1834 668 1866 νυν
689 1808 750 1865 ἔστι
765 1809 885 1865 τοιοῦτο·
907 1807 934 1863 οἰ
947 1804 977 1864 δέ

175 1894 278 1954 Θάσιοι
302 1899 339 1973 τῷ
362 1897 483 1971 βασιλέϊ
507 1895 671 1955 κελεύσαντι
695 1896 741 1953 καὶ
767 1894 799 1953 τό
825 1896 918 1971 τεῖχος
943 1893 976 1953 τό

176 1983 314 2061 σφέτερον
328 1988 465 2057 κατεῖλον,
476 1984 522 2043 καὶ
535 1983 585 2047 τοὶς
598 1984 661 2046 νέας
673 1983 724 2046 τάς
736 1982 830 2045 πάσας
841 1981 977 2058 ἐκόμισαν

177 2076 203 2134 ἐς
218 2070 360 2148 Ἀβδηρα.

128 2162 166 2218 48
217 2160 298 2219 Μετά
312 2161 341 2219 δέ
354 2164 446 2228 τοῦτο,
460 2159 631 2236 ἀπεπειρᾶτο
645 2159 661 2218 ὁ
676 2163 794 2235 Δαρεῖος
806 2161 861 2218 τῶν
873 2157 975 2236 Ἑλλή-

176 2274 228 2308 νων
247 2247 262 2306 ὅ
281 2274 308 2306 τι
327 2252 356 2306 ἐν
378 2247 431 2326 νόῳ
451 2248 547 2325 ἔχοιεν,
563 2247 662 2326 κότερα
683 2249 829 2324 πολεμέειν
850 2250 939 2327 ἑωυτῷ
958 2247 977 2326 ἦ

176 2334 358 2411 παραδιδόναι
380 2336 472 2411 σφέας
495 2335 603 2399 αύτούς.
645 2337 778 2411 διέπεμπε
801 2335 838 2394 ὧν
858 2335 978 2412 κήρυκας

179 2422 285 2484 άλλους
301 2422 377 2502 άλλη
395 2421 480 2492 τάξας
494 2423 546 2482 ἀνά
559 2425 611 2500 τὴν
624 2424 759 2494 Ἑλλάδα,
775 2424 893 2486 κελεύων
906 2427 977 2486 αἰτέ-

177 2536 216 2568 ειν
229 2511 350 2586 βασιλέϊ
362 2515 416 2592 γῆν
429 2537 459 2570 τε
474 2512 519 2570 καὶ
532 2511 614 2590 ὕδωρ.
648 2512 761 2575 τούτους
774 2515 825 2588 μὲν
838 2511 872 2587 δη
887 2517 914 2576 ές
926 2513 977 2589 τήν

176 2597 303 2657 Ἑλλάδα
318 2600 431 2676 ἔπεμπε·
447 2598 552 2662 ἄλλους
564 2601 593 2658 δὲ
608 2599 726 2677 κήρυκας
741 2600 874 2677 διέπεμπε
888 2605 916 2664 ἐς
928 2601 978 2665 τάς

180 2690 281 2746 ἑωυτοῦ
303 2687 503 2764 δασμοφόρους
525 2688 626 2752 πόλιας
647 2688 697 2751 τάς
716 2691 976 2766 παραθαλασσίους,

178 2774 296 2835 κελεύων
313 2777 376 2838 νέας
393 2801 423 2833 τε
439 2775 546 2852 μακράς
565 2779 610 2835 καὶ
630 2778 779 2858 ἱππαγωγοὶ
796 2780 884 2836 πλοῖα
903 2779 976 2837 ποιέ-

129 2867 167 2923 49
180 2865 271 2924 εσθαι.
310 2861 389 2923 οὗτοί
398 2890 429 2923 τε
468 2863 476 2885 *
490 2865 730 2942 παρεσκευάζοντο
743 2871 840 2925 ταῦτα·
863 2867 909 2924 καὶ
921 2870 978 2926 τοῖ·

178 2978 210 3012 σι
226 2951 328 3026 ἥκουσι
347 2957 374 3015 ἐς
394 2950 446 3027 τήν
459 2951 587 3011 Ἑλλάδα
608 2953 704 3030 κήρυξι
717 2955 823 3013 πολλοὶ
837 2957 888 3031 μὲν
901 2952 977 3029 ἡπει·

177 3041 284 3116 ρωτέων
308 3039 437 3099 ἐδίδοσαν
457 3040 493 3098 τά
516 3041 671 3120 προίσχετο
693 3043 790 3102 αἰτέων
813 3042 829 3102 ὁ
854 3043 978 3118 Πέρσης,

178 3127 279 3188 πάντες
292 3127 322 3185 δέ
336 3130 362 3185 οἱ
376 3131 511 3202 νησιῶται
525 3133 551 3189 ἐς
564 3128 629 3191 τοῦς
638 3128 785 3190 ἀπικοίατο
806 3130 978 3206 αἰτήσοντες.

180 3214 209 3272 οἰ
228 3239 258 3272 τε
296 3215 314 3288 ἡ
336 3213 420 3272 ἄλλοι
439 3219 573 3289 νησιῶται
592 3216 700 3275 διδοῦσι
717 3222 772 3296 γῆν
791 3245 822 3277 τε
843 3220 889 3276 καὶ
907 3217 978 3294 ὕδωρ

181 3301 288 3379 Δαρείῳ
303 3303 348 3360 καὶ
362 3301 396 3375 δὴ
411 3302 455 3358 καί
470 3306 625 3381 Αἰγινῆται·
640 3304 785 3378 ’ποιήσασι
799 3305 830 3364 δέ
843 3313 898 3381 σφι
915 3311 979 3372 ταῦ·
