2282 3550
180 117 228 165 ιω
486 113 669 164 ἰιυοιουου
888 115 981 180 [vm.

181 193 346 253 ἀπελαύνειν
367 191 466 261 ὀπίσω,
488 191 647 268 Μαρδόνιον
669 192 706 262 δὲ,
730 197 754 254 εί
778 196 868 256 έθέλει
887 222 918 256 τε
937 200 984 259 καὶ

184 281 346 342 ύποδέκεται
366 284 455 339 ταῦτα
476 280 612 356 ποιήσειν,
637 281 722 342 αὐτοῦ
744 289 909 345 καταλιπεῖν
930 287 984 347 σύν

181 374 257 432 τοῖσι
276 370 375 430 ε’θέλει·
402 373 486 428 τοῦτο
504 371 555 446 μὲν
573 370 637 450 γάρ,
654 368 688 446 ἣν
705 374 932 452 καταστρέψηται
947 375 984 436 τά

183 465 257 535 φησι
274 457 381 518 ἐθέλειν
394 456 443 516 καί
453 459 480 516 οἱ
493 459 664 537 προχωρήσῃ
677 459 713 519 τά
727 461 810 521 νοέων
828 462 914 543 λέγει,
929 463 985 524 σάν

180 548 213 608 τό
235 549 325 629 ἔργον,
348 546 369 606 ὦ
391 545 523 618 δέσποτα,
545 549 659 629 γίνεται·
687 551 714 608 οἶ
736 549 864 631 γάρισοὶ
887 551 984 613 δοῦλοι

180 637 398 719 κατεργάσαντο·
426 639 509 696 τοῦτο
531 636 569 707 δὲ,
590 635 625 713 ἢν
645 638 811 699 τά”έναντία
831 644 881 716 τῆς
902 643 985 718 Μαρ-Ι

183 726 274 786 δονίου
295 726 406 808 γνάμης
426 727 546 807 γένηται,
569 725 682 804 οὐδεμία
708 727 843 805 συμφορή
870 729 984 810 μεγάλη

181 815 260 876 ἔσται
278 817 329 875 σέο
348 842 379 875 τε
392 815 549 892 περιεόντος
564 816 609 874 καὶ
623 817 731 876 ἐκείνων
744 820 798 876 τῶν
811 818 984 898 πρηγμάτων

182 906 246 982 περὶ
260 905 336 964 οἶκον
349 904 399 964 τόν
414 904 476 965 σόν·
497 902 532 981 ἢν
545 905 600 986 γάρ
614 905 652 963 σύ
664 931 695 964 τε
708 909 805 984 περιῇς
818 905 864 963 καὶ
878 905 953 970 οἶκος
967 907 983 967 ὁ

181 993 241 1066 σός,
267 992 394 1056 πολλούς
421 993 560 1056 πολλάκις
587 992 694 1074 άγιῧνας
721 994 886 1071 δραμέονται
918 997 984 1072 περὶ

180 1084 277 1158 σφέων
287 1081 376 1142 αύτῶν
391 1081 574 1157 οἶἘλληνες·
591 1082 751 1159 Μαρδονίου
762 1082 800 1152 δὲ,
814 1081 849 1157 ήν
858 1109 886 1142 τι
895 1083 982 1163 πάθῃ,

182 1171 267 1252 λόγος
288 1170 375 1234 οὐδεὶς
395 1170 510 1250 γίνεται·
539 1169 603 1229 ούδέ
617 1196 645 1229 τι
662 1175 787 1234 νικῶντες
802 1173 829 1229 οἱ
841 1169 983 1247 Ἕλληνες

181 1263 287 1332 νικῶσι,
303 1260 404 1319 δοῦλον
425 1257 478 1318 σόν
499 1257 698 1322 άπολέσαντες·
719 1259 757 1319 σύ
771 1259 809 1327 δὲ,
823 1261 878 1317 τῶν
892 1259 983 1319 εἵνεκα

180 1347 230 1406 τόν
245 1348 351 1408 στόλον
366 1347 497 1423 ἐποιήσω,
512 1347 643 1424 πυρώσας
655 1348 705 1410 τάς
717 1345 838 1422 Ἀθήνας
851 1346 984 1427 άπελᾷς.”

136 1435 192 1493 103
229 1434 328 1512 Ἦσθη
342 1462 372 1495 τε
386 1435 419 1512 δή
433 1437 644 1514 τῇσυμβουλίη
654 1436 768 1512 Ξέρξης·
789 1437 915 1516 λέγουσα
927 1436 983 1518 γάρ

184 1523 352 1604 έπεηίγχανε
371 1523 458 1601 τάπερ
476 1523 558 1588 αύτδς
578 1524 658 1584 ε’νόεε·
682 1524 744 1584 οὐδὲ
761 1524 824 1606 γάρ,
842 1528 866 1582 εί
882 1523 983 1588 πάντες
1032 1547 1035 1555 “

182 1612 226 1669 καὶ
257 1616 348 1671 πᾶσαι
373 1612 580 1688 συνεβούλευον
604 1612 677 1692 αὐτῷ
702 1614 802 1689 μένειν,
836 1614 913 1689 ἔμενε
939 1611 982 1682 ἂν,

182 1698 286 1760 δοκέειν
303 1701 374 1778 ε’μοί·
397 1699 466 1760 οὕτω
484 1701 699 1779 καταρρωδήκεε·
721 1702 869 1764 ἐπαινέσας
887 1700 916 1759 δὲ
931 1701 983 1777 τήν

180 1786 370 1868 Ἀρτεμισίην,
384 1789 487 1866 ταύτην
502 1791 554 1866 μὲν
570 1789 744 1849 άποστέλλει
758 1789 884 1870 ἄγουσαν
898 1788 983 1848 αύτοΰ

180 1877 245 1941 τούς
265 1880 365 1944 παῖδας
386 1883 413 1942 ἔς
428 1877 566 1953 Ἔφεσον·
590 1878 666 1938 νόθοι
684 1878 739 1959 γάρ
758 1903 828 1940 τινες
844 1876 940 1939 παῖδές
956 1881 983 1936 οἱ

135 1967 191 2024 104
202 1968 386 2028 συνέσποντο.
423 1967 586 2042 Συνέπεμπε
607 1969 636 2025 δὲ
655 1970 731 2026 τοῖσι
749 1965 831 2025 παισὶ
855 1964 983 2041 φύλακον

183 2053 361 2132 Ἑρμότιμον,
372 2057 451 2137 γένος
464 2057 515 2131 μὲν
530 2055 610 2114 ε’όντα
624 2055 768 2130 Πηδασέα,
784 2052 940 2131 φερόμενον
953 2054 983 2114 δὲ

182 2142 214 2200 ού
230 2143 265 2203 τά
283 2144 395 2220 δεύτερα
415 2146 469 2202 τῶν
490 2141 625 2221 εὐνούχων
643 2141 719 2219 παρά
734 2142 864 2217 βασιλέϊ.
907 2145 933 2201 οἶ
953 2142 983 2201 δὲ

182 2232 328 2305 Πηδασέες
343 2231 465 2291 οἰκέουσι
478 2230 547 2308 ύπὲρ
561 2230 798 2307 Ἁλικαρνησσοῦ·
821 2236 851 2291 έν
864 2231 894 2290 δὲ
906 2235 983 2290 τοῖσι

184 2318 348 2393 Πηδάσοισι
362 2319 488 2379 τούτοισι
507 2320 612 2379 τοιόνδε
627 2319 742 2397 φέρεται
760 2323 878 2400 πρῆγμα
890 2320 983 2400 γίνεσ-

184 2406 239 2464 θαι·
255 2406 338 2466 ε’πεάν
348 2410 425 2467 τοῖσι
438 2405 606 2484 άμφικτίοσι
617 2413 698 2477 πᾶσι,
709 2411 786 2467 τοῖσι
797 2407 872 2485 ἀμφὶ
882 2407 983 2483 ταύτης

181 2495 303 2554 οἰκέουσι
319 2499 369 2571 τῆς
387 2494 496 2565 πόλιος,
510 2496 604 2574 μέλλῃ
617 2522 644 2556 τι
659 2496 735 2560 ε’ντός
749 2495 852 2574 χρόνου
866 2497 983 2555 ἔσεσθαι

181 2583 316 2660 χαλεπόν,
337 2583 401 2644 τότε
421 2583 440 2660 ἡ
462 2585 531 2661 ίρείη
559 2583 657 2644 αὐτόθι
677 2589 728 2659 τῆς
748 2584 897 2660 Ἀθηναίης
918 2583 984 2659 φύει

135 2673 191 2733 105
202 2673 319 2755 πιύγωνα
337 2672 435 2753 μέγαν·
456 2676 539 2732 τοῦτο
552 2672 582 2731 δέ
596 2680 652 2749 σφι
666 2673 707 2734 δὶς
723 2671 777 2749 ήδη
792 2673 911 2754 ἐγένετο.
931 2671 984 2732 Ἐκ

179 2762 284 2822 τούτων
312 2760 346 2836 δή
372 2765 426 2820 τῶν
454 2759 610 2836 Πηδασέων
637 2760 653 2820 ό
679 2760 848 2838 Ἑρμότιμος
869 2761 913 2837 ἦν·
945 2766 986 2843 τῷ

179 2850 302 2930 μεγίστη
322 2850 395 2911 τίσις
414 2847 467 2924 ήδη
489 2847 644 2924 ἀδικηθέντι
666 2849 775 2930 ε’γένετο
795 2849 905 2910 πάντων
928 2853 987 2912 τῶν

180 2937 260 3012 ἡμεῖς
281 2937 367 3013 ίδμεν·
395 2935 501 2995 άλόντα
521 2936 575 3016 γάρ
597 2936 681 2997 αι’τόν
701 2937 756 2997 ὑπό
778 2938 920 3016 πολεμίων
937 2940 985 2999 καὶ

181 3023 358 3101 πωλεόμενον
378 3022 489 3082 ὠνέεται
509 3023 670 3096 Πανιώνιος,
693 3025 762 3102 άνήρ
784 3030 862 3097 Χῖος,
881 3026 912 3090 ὃς
931 3027 985 3102 τήν

181 3110 247 3185 ζόην
258 3109 451 3186 κατεστήσατο
466 3110 513 3169 ἀπ’
528 3113 613 3192 ἔργων
627 3111 831 3175 ἀνοσιωτάτων·
845 3113 915 3178 ὅκως
927 3115 985 3196 γάρ

181 3197 315 3271 κτήσαιτο
324 3197 424 3258 παῖδας
433 3198 517 3259 εἴδεος
526 3199 985 3284 ἐπαμμένους,ε’κτάμνων,άγινέων

181 3282 285 3341 έπιύλεε
299 3289 326 3346 ἐς
339 3282 439 3358 Σάρδις
450 3310 480 3343 τε
491 3289 537 3342 καὶ
544 3285 672 3362 Ἐφεσον
681 3289 832 3366 χρημάτων
841 3289 986 3369 μεγάλων·
