2258 3568
189 128 234 177 22·
472 122 680 184 ,Ἠνοιοτον
882 137 885 144 ’
942 124 987 189 [ν.

186 205 216 265 δὲ
228 205 331 283 ταύτην
343 206 395 284 τήν
408 206 501 276 πόλιν,
517 207 681 282 θαρσέοντες
690 204 744 281 ἤδη
757 208 795 284 τῷ
804 204 852 263 Διῒ
865 203 989 265 πλούτου

186 294 250 370 πέρι
265 295 375 370 ἐρίζετε.
416 291 494 352 άλλά
511 295 576 370 περὶ
589 296 641 371 μὲν
654 293 748 373 χιόρης
761 291 816 370 ἄρα
829 291 862 352 οὗ
877 297 990 369 πολλῆς

187 380 250 440 οὐδὲ
267 381 337 441 οὕτω
352 385 488 460 χρηστῆς,
506 383 551 441 καὶ
568 380 656 457 οὔρων
674 385 807 459 σμικρῶν,
824 380 909 459 χρεόν
927 386 989 442 ἐστι

186 467 272 546 όμέας
291 469 385 548 μάχας
406 468 626 546 ἀναβάλλεσθαι
653 469 724 547 πρός
750 495 781 528 τε
808 470 989 544 Μεσσηνίους

187 556 281 622 ἐόντας
305 559 467 628 ἰσοπαλέας,
489 559 535 618 καὶ
554 557 692 636 Ἀρκάδας
714 583 746 616 τε
769 557 815 616 καὶ
837 556 988 638 Ἀργείους·

185 651 261 705 τοῖσι
276 646 339 706 οὔτε
352 651 460 725 χρυσοῦ
475 647 609 726 ἐχόμενόν
623 651 684 706 ἐστι
695 645 775 706 οὐδὲν
786 644 848 705 οὔτε
859 644 989 726 ἀργύρου,
1067 681 1072 691 ,

184 738 240 793 τῶν
255 735 319 811 πέρι
333 736 381 794 καί
393 760 455 794 τινα
473 734 564 816 ἐνάγει
583 735 726 812 προθυμίη
744 733 905 811 μαχόμενον
921 731 990 801 άπα-Ι

187 821 327 897 θνήσκειν·
369 823 493 902 ταρέχον
520 823 550 882 δέ
570 827 620 898 τῆς
655 821 753 897 Ἀσίης
780 820 874 896 πάσης
894 818 990 900 ἄρχειν

186 909 326 980 εὐπετέως,
348 909 423 970 ἅλλα
448 937 476 971 τι
501 909 684 988 αἱρήσεσθε;”
708 908 912 991 Ἀρισταγόρης
937 912 990 985 μὲν

185 1003 275 1058 ταῦτα
296 1000 383 1070 ἐλεξ.
425 1001 590 1077 Κλεομένης
611 1001 640 1058 δέ
658 998 794 1076 ἀμείβετο
809 997 915 1058 τοῖσδε·
941 997 989 1057 “ῶ

185 1087 256 1156 ξεῖνε
277 1088 414 1164 Μιλήσιε,
432 1087 638 1164 ἀναβάλλομαί
656 1114 700 1147 τοι
721 1093 748 1150 ἐς
767 1089 863 1164 τρίτην
883 1085 989 1163 ἡμέρην

137 1179 175 1234 50
184 1175 423 1254 άτοκρινέεσθαι.”
452 1179 521 1237 Τότε
532 1179 583 1254 μὲν
594 1181 621 1240 ἐς
631 1180 769 1236 τοσοῦτον
779 1175 902 1252 ἡλασαν.
930 1176 991 1235 ἐπεί

184 1291 215 1324 τε
229 1267 258 1325 δὲ
271 1266 290 1341 ἡ
304 1267 383 1343 κυρίη
396 1266 486 1342 ἡμέρη
498 1267 602 1346 ἐγίνετο
612 1269 662 1341 τῆς
672 1263 837 1341 άποκρίσιος
846 1264 892 1322 καὶ
899 1262 989 1338 ἦλθον

185 1359 212 1415 ἐς
225 1353 258 1413 τό
273 1355 463 1434 συγκείμενον,
479 1354 567 1429 εἴρετο
584 1353 599 1412 ό
620 1353 783 1429 Κλεομένης
796 1351 846 1412 τόν
858 1351 988 1427 Ἀριστα-

184 1440 271 1520 γόρην
292 1440 415 1500 ὁκοσέων
434 1441 558 1518 ἡμερέων
579 1439 635 1499 άπό
653 1440 803 1518 θαλάσσης
821 1445 872 1516 τῆς
890 1438 989 1500 Ἰαόνων

183 1528 247 1592 ὁδός
267 1530 310 1605 εἴη
329 1528 404 1606 παρὰ
419 1530 559 1604 βασιλέα;
585 1528 648 1588 όδέ
663 1528 877 1610 Ἀρισταγόρης,
894 1525 989 1588 τᾶλλα

184 1616 235 1676 ἐῶν
262 1617 356 1693 σοφός
385 1618 431 1675 καὶ
458 1615 624 1692 διαβάλλων
650 1620 754 1677 ἐκεῖνον
781 1615 819 1687 εὖ,
847 1621 875 1676 έν
900 1615 989 1696 τοθτορ

184 1705 310 1782 ἐσφάλη·
331 1706 414 1785 χρεόν
433 1706 487 1787 γάρ
506 1732 555 1782 μιν
570 1706 610 1782 μὴ
628 1707 722 1786 λέγειν
738 1705 771 1765 τό
789 1705 835 1766 ἐόν
847 1705 988 1782 βουλόμε-

183 1793 231 1853 νόν
250 1820 283 1876 γε
301 1794 477 1872 Σπαρτιήτας
495 1795 640 1876 ἐξαγαγεῖν
661 1799 689 1858 ἐς
708 1793 761 1870 τὴν
780 1792 890 1869 Ἀσίην,
911 1794 989 1875 λέγει

183 1881 206 1940 δ’
221 1881 258 1942 ῶν
270 1887 353 1959 τριῶν
366 1887 460 1960 μηνῶν
477 1883 533 1958 φάς
550 1883 619 1942 εἶναι
632 1881 684 1958 τὴν
698 1881 806 1942 ἄνοδον·
829 1881 845 1942 ὁ
859 1883 889 1941 δὲ
901 1881 987 1960 όπαρ-

182 1971 277 2035 πάσας
304 1970 354 2032 τόν
379 1973 526 2030 ἐπίλοιπον
550 1970 637 2051 λόγον
663 1972 713 2031 τόν
740 1970 755 2030 ό
783 1969 989 2050 Ἀρισταγόρης

183 2058 295 2135 ὥρμητο
316 2060 409 2140 λέγειν
428 2060 493 2135 περὶ
513 2063 564 2134 τῆς
584 2058 659 2128 όδοΰ,
679 2059 748 2118 εἶπε·
777 2057 824 2117 “ῶ
842 2058 912 2128 ξεῖνε
933 2065 988 2117 Μι-

181 2146 274 2221 λήσιε,
296 2146 488 2206 ἀπαλλάσσεο
509 2153 539 2210 ἐκ
561 2146 693 2225 Σπάρτης
708 2147 764 2224 πρό
782 2147 877 2210 δόντος
894 2146 987 2222 ἡλίου·

182 2233 280 2293 οὐδένα
305 2235 361 2315 γάρ
385 2235 473 2315 λόγον
498 2235 596 2294 εὐεπέα
619 2237 711 2317 λέγεις
732 2235 987 2312 Λακεδαιμονίοισι,

183 2322 285 2382 ἐθέλων
314 2323 406 2396 σφέας
429 2322 486 2382 α’πό
515 2323 665 2399 θαλάσσης
691 2329 775 2400 τριῶν
802 2327 897 2400 μηνῶν
923 2321 989 2382 ὁδόν

135 2411 170 2466 51
182 2408 324 2489 α’γαγεῖν.”
345 2409 379 2469 'O
392 2413 444 2487 μὲν
458 2411 492 2488 δὴ
508 2413 671 2488 Κλεομένης
690 2415 780 2471 ταῦτα
796 2413 882 2480 εἶπας,
899 2408 944 2485 ήῖε
961 2415 989 2474 ἐς

181 2497 217 2556 τά
232 2499 314 2556 οἰκία.
355 2498 371 2558 ό
386 2499 415 2558 δὲ
428 2499 633 2578 Ἀρισταγόρης
646 2499 746 2576 λαβῶν
758 2500 895 2576 ἱκετηρίην
905 2496 949 2573 ἤϊε
962 2503 989 2563 ἐς

182 2590 233 2644 τοῦ
247 2588 430 2663 Κλεομένεος,
447 2588 571 2647 ἐσελθῶν
585 2588 614 2646 δὲ
629 2590 695 2647 εἴσω
709 2587 757 2647 ἅτε
774 2587 906 2661 ἱκετεύων,
922 2591 989 2646 ἐπα-

185 2677 286 2733 κοῦσαι
312 2677 421 2734 ἐκέλευε
447 2675 496 2735 τόν
530 2677 692 2752 Κλεομένεα
720 2675 928 2752 ἀποπέμψαντα
954 2677 988 2734 τὰ

182 2762 302 2822 παιδίον·
327 2763 522 2839 προσεστήκεε
541 2763 597 2844 γάρ
618 2763 652 2840 δὴ
673 2768 711 2843 τῷ
732 2761 922 2840 Κλεομένεῖἡ
942 2763 988 2823 θυ-

181 2849 280 2930 γάτηρ,
294 2855 330 2929 τῇ
349 2849 454 2927 οὔνομα
467 2850 501 2925 ἦν
515 2851 623 2932 Γοργώ·
643 2855 727 2912 τοῦτο
742 2852 773 2911 δέ
786 2855 812 2910 οἶ
827 2853 873 2909 καὶ
885 2856 989 2926 μοῦνον

181 2938 277 2998 τέκνον
298 2937 433 3019 ἐτόγχανε
457 2937 504 2996 ε’όν
529 2940 610 2999 ἐτέων
631 2939 703 3000 όκτῶ
723 2937 742 3016 ἢ
765 2941 842 3000 ἐννέα
862 2938 987 3015 ἡλικίην·

185 3026 345 3101 Κλεομένης
364 3026 393 3085 δέ
409 3027 503 3106 λέγειν
516 3052 565 3102 μιν
584 3027 693 3087 ἐκέλευε
705 3028 741 3088 τά
756 3027 901 3104 βούλεται,
916 3028 989 3104 μηδὲ

183 3116 311 3190 ἐπισχεῖν
321 3118 372 3172 τοῦ
386 3114 498 3172 παιδίου
512 3115 610 3173 εἵνεκα.
646 3117 764 3176 ἐνθαῦτα
778 3116 812 3192 δὴ
827 3114 989 3192 όἈριστα-

182 3199 268 3280 γόρης
283 3199 385 3279 ἄρχετο
406 3207 435 3260 ἐκ
455 3202 521 3259 δέκα
538 3201 683 3263 ταλάντων
701 3204 931 3282 όπισχνεόμενος,
953 3204 989 3281 ήν

183 3290 210 3346 οἱ
226 3289 375 3365 ἐπιτελέσῃ
394 3293 448 3347 τῶν
468 3289 568 3348 ἐδέετο.
589 3288 768 3354 α’νανεύοντος
782 3294 811 3350 δὲ
826 3297 877 3351 τοῦ
897 3295 989 3352 Κλεο-
