2250 3552
134 162 244 230 ιιι-ω]
451 165 638 213 mmmm.
674 153 675 156 ’
890 166 934 215 301

133 247 231 322 μέντοι
252 244 336 306 ίππος
355 243 374 318 ἡ
395 244 556 319 Μαρδονίου
577 243 630 303 αίεὶ
650 246 818 321 προσέκειτό
840 271 871 303 τε
892 246 938 304 καὶ

135 331 236 392 ἐλύπεε
248 329 313 394 τοῦς
320 330 473 405 Ἕλληνας·
496 334 522 390 οἶ
535 330 591 412 γάρ
602 333 734 408 Θηβαῖοι,
749 331 798 391 ἅτε
811 332 938 409 μηδίζον-

134 445 181 484 τες
202 418 341 501 μεγάλως,
365 419 514 495 προθύμως
538 421 638 497 ἔφερον
660 418 711 480 τόν
731 419 865 498 πόλεμον,
892 420 938 480 καὶ

136 508 190 567 αἰεὶ
216 507 385 588 κατηγέοντο
405 507 490 586 μέχρι
516 507 618 587 μάχης·
652 506 686 568 τό
708 507 738 567 δὲ
760 507 817 568 άπό
839 508 938 569 τούτου

136 593 356 672 παραδεκόμενοι
372 594 482 672 Πέρσαι
494 621 525 655 τε
539 595 584 654 καὶ
603 594 707 671 Μῆδοι,
720 594 800 672 μάλα
816 597 899 656 ἔσκον
913 596 940 656 οἳ

137 682 329 743 ἀπεδείκνυντο
342 681 451 760 άρετάς,

177 773 273 850 Μέχρι
285 771 337 847 μέν
350 796 399 831 νυν
411 773 466 831 τῶν
479 770 545 830 δέκα
558 770 682 847 ἡμερέων
696 770 775 832 ου’δέν
792 773 838 832 ἐπὶ
851 777 939 832 πλεῦν
949 773 982 832 41

138 860 242 940 ἐγίνετο
255 858 368 919 τούτων·
391 857 426 922 οἷς
439 859 468 918 δὲ
483 858 611 935 ἑνδεκάτη
625 860 750 940 ἐγεγόνεε
763 859 853 936 ἡμέρη
867 859 938 919 άντι-

138 948 320 1023 κατημένοισι
333 951 362 1006 ἐν
376 951 543 1026 Πλαταιῇσι
557 947 587 1006 οἶ
601 973 632 1006 τε
646 946 828 1023 δὴἘλληνες
841 951 940 1027 πολλῷ

137 1038 253 1098 πλεῦνες
275 1033 449 1116 ἐγεγόνεσαν,
471 1035 517 1094 καὶ
533 1033 693 1111 Μαρδόνιος
710 1037 889 1112 περιημέκτεε
905 1039 940 1115 τῇ

138 1122 211 1201 ἕδρη,
239 1123 358 1182 ἐνθαῦτα
385 1127 412 1184 ἐς
439 1122 542 1202 λόγους
568 1121 659 1198 ἦλθον
686 1122 844 1200 Μαρδόνιός
868 1150 899 1184 τε
922 1123 938 1183 ό

137 1210 274 1286 Γοβρύεω
288 1210 334 1268 καὶ
343 1208 520 1288 Ἀρτάβαζος
530 1209 546 1270 ό
556 1210 721 1287 Φαρνάκεος,
731 1210 762 1273 ῦς
772 1215 801 1269 ἐν
814 1209 939 1292 ὀλίγοισι

138 1299 272 1374 Περσέων
292 1297 327 1375 ἦν
348 1297 418 1376 άνὴρ
441 1297 553 1375 δόκιμος
577 1299 654 1375 παρὰ
676 1300 775 1377 μέρζη·
804 1300 939 1375 βουλευο-

137 1386 226 1462 μένων
241 1386 271 1446 δέ
290 1386 350 1445 αίδε
368 1385 443 1462 ἦσαν
460 1389 489 1445 αἱ
508 1389 625 1467 γνῶμαι·
646 1386 665 1462 ἡ
684 1389 736 1463 μὲν
754 1386 939 1463 Ἀρταβάζου,

138 1474 174 1538 αἷς
188 1475 273 1554 χρεόν
288 1475 330 1550 εἴη
344 1473 543 1546 ἀναζεύξαντας
558 1473 610 1551 ιὴν
627 1475 766 1553 ταχίστην
782 1475 873 1535 πάντα
889 1477 939 1536 τόν

137 1563 268 1639 στρατόν,
290 1563 358 1632 ἰέναι
374 1567 401 1626 ἐς
414 1562 447 1623 τό
466 1567 559 1641 τεῖχος
576 1563 609 1622 τό
623 1565 764 1639 Θηβαίων,
779 1565 843 1624 ἔνθα
857 1565 938 1624 σῖτόν

137 1653 169 1711 τέ
187 1658 244 1727 σφι
263 1651 453 1730 ἐσενηνεῖχθαι
473 1651 584 1711 πολλόν
603 1653 649 1710 καὶ
665 1651 768 1730 χόρτον
784 1657 861 1712 τοῖσι
873 1653 939 1712 ύπο-

137 1741 268 1822 ζυγίοισι·
289 1738 348 1800 κατ’
365 1739 487 1818 ἡσυχίην
503 1765 534 1799 τε
553 1739 693 1816 ἱζομένους
712 1740 939 1818 διαπρήσσεσθαι

138 1833 284 1892 ποιεῦντας
302 1826 378 1887 τάδε·
400 1829 473 1906 ἔχειν
489 1826 545 1909 γάρ
563 1827 670 1906 χρυσόν
687 1827 798 1887 πολλόν
818 1830 869 1905 μὲν
883 1829 938 1888 ἐπί-

138 1943 240 1994 σημον,
263 1914 373 1976 πολλόν
395 1917 425 1976 δὲ
445 1916 491 1975 καὶ
511 1913 631 1992 άσημον,
648 1915 759 1974 πολλόν
777 1914 807 1974 δὲ
828 1913 939 1991 καὶιάρ-

138 2004 223 2085 γυρόν
232 2031 264 2066 τε
274 2004 320 2064 καὶ
334 2003 492 2081 ἐκπώματα·
508 2003 613 2064 τούτων
624 2003 804 2081 φειδομένους
814 2002 939 2080 μηδενός,

138 2093 304 2171 διαπέμπειν
317 2097 344 2157 ἐς
359 2092 424 2156 τοῦς
438 2091 590 2168 Ἕλληνας,
605 2091 749 2166 Ἑλλήνων
768 2091 797 2151 δὲ
814 2091 941 2167 μάλιστα

139 2187 167 2244 ἐς
187 2181 252 2244 τοῦς
273 2185 466 2258 προεστεῶτας
490 2186 519 2240 ἐν
539 2185 608 2258 τῇσι
630 2179 740 2240 πόλισι·
770 2181 815 2240 καὶ
835 2180 940 2259 ταχέως

139 2271 230 2347 σφέας
257 2269 434 2348 παραδώσειν
460 2268 511 2344 τὴν
541 2269 708 2345 ἐλευθερίην·
735 2269 807 2347 μηδὲ
832 2267 940 2330 άνακιν·

139 2357 259 2419 δυνεύειν
285 2357 517 2436 συμβάλλοντας.
558 2356 658 2417 τούτου
681 2358 733 2433 μέν
757 2385 804 2419 νυν
826 2357 845 2436 ἡ
870 2357 939 2433 αύτὴ

140 2447 245 2528 ἐγίνετο
258 2447 304 2506 καὶ
317 2446 450 2522 Θηβαίων
462 2443 567 2526 γνώμη,
588 2445 622 2508 ὥς
640 2445 800 2522 προειδότος
813 2449 901 2506 πλεῦν
913 2471 940 2505 τι

140 2536 186 2594 καὶ
203 2534 312 2595 τούτου·
333 2535 494 2612 Μαρδονίου
513 2533 542 2592 δὲ
560 2535 727 2613 ι’σχυροτέρη
744 2560 775 2594 τε
795 2536 841 2593 καὶ
854 2533 940 2614 άγνω-

140 2624 303 2701 μονεστέρη,
318 2623 364 2684 καὶ
377 2623 502 2699 οὐδαμῶς
516 2623 774 2704 συγγινωσκομένη·
793 2621 897 2681 δοκέειν
910 2646 940 2680 τε

140 2711 194 2791 γὰρ
210 2715 311 2790 πολλῷ
328 2712 470 2789 κρέσσονα
489 2710 558 2770 εἶναι
575 2709 627 2786 πὴν
644 2710 785 2786 σφετέρην
806 2709 941 2787 στρατιὴν

140 2802 191 2876 τῆς
202 2799 378 2877 Ἑλληνικῆς,
395 2798 577 2876 συμβάλλειν
594 2823 626 2858 τε
643 2798 695 2874 τὴν
710 2797 857 2876 ταχίστην,
871 2797 941 2873 μηδὲ

140 2891 273 2966 περιορᾶν
287 2889 512 2968 συλλεγομένους
525 2887 564 2946 ἔτι
577 2890 698 2948 πλεῦνας
713 2890 768 2945 τῶν
786 2889 942 2964 συλλελεγ-

140 2977 239 3052 μένων·
259 2975 295 3035 τά
307 3001 337 3035 τε
351 2975 463 3056 σφάγια
475 2975 511 3034 τά
524 2973 755 3055 Ἡγησιστράτου
766 2977 813 3033 ε’ἇν
826 2973 940 3052 χαίρειν·

142 3065 212 3141 μηδὲ
224 3064 384 3140 βιάζεσθαι,
395 3063 473 3123 ἀλλά
485 3062 560 3142 νόμῳ
573 3067 611 3142 τῷ
625 3063 759 3138 Περσέων
771 3061 942 3142 χρεωμένους

142 3153 333 3230 συμβάλλειν.
375 3151 481 3212 Τούτου
495 3152 524 3210 δέ
540 3149 611 3210 οὕτω
626 3151 793 3212 δικαιεῦντος
811 3149 989 3228 άντέλεγε42

143 3240 239 3310 οὐδεὶς,
254 3240 327 3300 ὥστε
341 3239 451 3316 ἐκράτεε
467 3241 502 3316 τῇ
518 3237 624 3317 γνώμη·
645 3236 678 3295 τό
696 3237 750 3316 γάρ
772 3236 871 3312 κράτος
885 3234 942 3310 εἶχε

142 3332 192 3402 τῆς
207 3331 342 3404 στρατιῆς
361 3325 440 3389 οὗτος
462 3330 491 3384 ἐκ
515 3324 661 3399 βασιλέος,
683 3322 748 3382 ἀλλ’
771 3323 820 3382 οὐκ
844 3320 942 3398 Ἀρτά-

154 3407 257 3461 ¹1.-24
