2258 3568
198 159 230 205 26
505 158 688 206 ἨΡΟΔΟΤΟΤ
949 155 995 221 [V.

198 239 304 296 πολλοὶ
323 242 379 296 ταῖν
398 237 554 314 βαρβάρων
574 242 602 300 ἒς
620 236 748 299 τοιαύτας
776 238 910 314 διφθέρας
929 238 997 318 γραί-

149 326 186 383 59
197 331 295 399 φουσι.
332 324 408 384 Ἶδον
421 326 450 384 δὲ
464 327 510 384 καὶ
523 325 606 389 αὐτός
616 325 748 402 Καδμήῖα
758 324 910 406 γράμματα
922 331 950 385 ε’ν
959 330 998 406 τῷ

198 416 245 492 {po}
263 418 314 472 τοιῖ
332 413 512 478 ’Λπόλλωνος
530 419 579 474 τοῦ
593 415 738 491 Ἰσμηνίου
751 419 780 472 ε’ν
795 405 912 493 Θήβῃσι
930 419 998 492 τῇσι

199 506 327 561 Βοιωτῶν
340 503 385 561 ε’πὶ
398 503 516 580 τρίποσί
530 530 590 563 τισι
604 501 839 584 ἐγκεκολαμμένα,
852 502 888 562 τό
901 506 998 562 πολλὰ

197 587 281 666 όμοῖα
300 590 382 650 έόντα
399 594 475 651 τοῖσι
488 591 645 652 Ἰωνικοῖσι·
666 589 682 650 ὁ
699 593 751 667 μὲν
770 589 804 666 δη
818 589 857 654 εἷς
869 595 924 652 τῶν
941 616 998 669 τρι·

197 677 289 738 πόδων
303 679 465 761 ἐπίγραμμα
480 682 545 760 ἔχει·

275 791 428 854 Ἀμφιτρύων
443 793 467 851 μ’
484 795 584 852 ἀνέθηκε
600 795 656 842 νέων
674 793 721 843 ἀπὸ
740 796 891 858 Ψηλεβαιίων.

196 892 284 946 ταῦτα
297 888 409 966 ἡλικίην
423 891 465 965 εἴη
479 887 512 949 ἂν
529 888 599 948 κατοῖ
612 888 700 949 Λόῖον
712 887 929 964 τὸνΛαβδόκου
947 892 997 946 τοῦ

150 979 187 1034 60
199 977 370 1055 Πολυδώρου
395 982 446 1038 τοῦ
474 977 601 1055 Κάδμου.
637 977 753 1056 Ἕτερος
773 978 802 1036 δὲ
822 977 936 1054 τρίπους
955 975 998 1057 [έν

198 1065 336 1146 ἑξαμέτρῳ
349 1065 431 1148 τόνῳ]
447 1067 533 1148 λέγει·

277 1187 365 1235 Σκαῖος
382 1187 530 1247 πυγμαχέων
544 1203 575 1243 με
592 1186 700 1248 ἑκηβόλῳ
717 1183 853 1233 ’Δπδλλωνι

277 1260 374 1318 νικήσας
391 1257 493 1317 α’νέθηκε
509 1260 559 1305 τεῒν
575 1259 717 1320 περικαλλὲς
735 1257 843 1318 ἄγαλμα.

197 1357 298 1421 Σκαῖος
311 1357 334 1418 δ’
348 1357 382 1418 ἂν
395 1359 437 1434 εἴη
456 1357 471 1417 ὁ
489 1357 698 1428 Ἱπποκόωντος,
714 1361 738 1416 εἰ
751 1357 785 1432 δὴ
800 1355 881 1420 οὗτός
894 1355 920 1437 γ’
935 1356 997 1415 ε’στὶ

199 1444 215 1503 ὁ
242 1444 353 1508 α’ναθεὶς
380 1446 426 1505 καὶ
448 1446 488 1522 μή
515 1445 603 1508 ἄλλος
628 1444 716 1504 τοῖυτὸ
740 1444 845 1522 οὔνομα
868 1447 936 1524 ἔχων
958 1449 997 1523 τῷ

196 1531 407 1604 Ἱπποκόωντος,
433 1533 545 1610 ἡλικίην
573 1533 643 1592 κατὰ
666 1533 799 1592 Οἰδίπουν
824 1533 874 1593 τόν
897 1531 995 1592 Λαίου.

152 1623 187 1680 61
198 1622 296 1698 Τρίτος
317 1622 346 1681 δὲ
358 1623 471 1699 τρίπους
484 1623 568 1702 λέγει,
582 1623 627 1679 καὶ
641 1618 721 1684 οὗτος
734 1626 763 1680 έν
777 1621 924 1701 ἑξαμέτρῳ·

278 1742 407 1800 Λαοδάμας
423 1741 515 1803 τρίποδ’
533 1742 605 1788 αὑτὸν
622 1739 732 1800 ἐυσκόπῳ
744 1739 883 1788 Ἀπόλλωνι

276 1815 427 1875 μουναρχέων
439 1813 539 1872 ἀνέθηκε
556 1815 604 1860 τείν
622 1814 764 1875 περικαλλὲς
781 1812 889 1872 ἄγαλμα.

196 1914 261 1974 Ἐπὶ
281 1916 381 1976 τούτου
408 1915 442 1992 δη
469 1920 521 1976 τοῦ
541 1915 741 1993 Λαοδάμαντος
761 1920 811 1974 τοῦ
834 1913 996 1978 Ἐτεοκλέος

197 2006 417 2084 μουναρχέοντος
433 2004 623 2074 ἐξανιστέαται
643 2003 779 2080 Καδμεῖαι
796 2002 841 2062 ὕπ’
854 2003 993 2083 Ἀργείων,

144 2130 147 2136 -
196 2093 242 2150 καὶ
262 2094 410 2170 τρέπονται
432 2098 459 2155 ές
481 2091 546 2154 τοιῖς
562 2090 725 2172 Ἐγχέλεας·
748 2093 774 2148 οἱ
794 2090 824 2148 δὲ
844 2094 995 2166 Γεφυραῖοι

195 2179 420 2256 ὑπολειφθέντες,
440 2180 559 2256 ὕστερον
578 2179 633 2238 ὑπό
654 2183 782 2238 Βοιωτῶν
805 2177 995 2256 ἀναχωρέουσι

198 2272 226 2330 ές
243 2267 371 2343 Ἀθήνας·
387 2270 435 2327 καί
445 2275 501 2344 σφι
520 2267 565 2344 ἱρό
584 2274 645 2327 ε’στι
659 2274 688 2326 ε’ν
700 2265 837 2344 Ἀθήνησι
856 2266 993 2344 ἱδρυμένα,

195 2359 249 2414 τῶν
271 2355 349 2414 οὐδὲν
371 2355 443 2432 μέτα
464 2358 540 2414 τοῖσι
564 2358 692 2414 λοιποῖσι
713 2354 895 2429 Ἀθηναίοισι,
917 2354 994 2415 ἄλλα

194 2469 225 2502 τε
241 2443 432 2521 κεχωρισμένα
444 2448 499 2504 τῶν
516 2443 612 2502 ἄλλων
626 2446 691 2518 ἱρῶν
704 2443 749 2500 καὶ
762 2441 795 2518 δὴ
810 2443 856 2500 καὶ
868 2441 995 2522 Ἀχαιίης

194 2530 345 2608 Δήμητρος
359 2531 418 2608 ἱρόν
430 2558 461 2591 τε
476 2533 521 2590 καὶ
535 2530 626 2612 ὄργια.

148 2623 185 2678 62
234 2621 271 2678 Ἡ
292 2622 343 2696 μὲν
363 2620 397 2696 δὴ
418 2619 481 2698 ὄψις
500 2623 550 2678 τοῦ
570 2617 727 2696 Ἱππάρχου
747 2620 881 2688 ένυπνίου,
903 2620 948 2678 καῖ
968 2625 994 2681 οἶ

194 2713 347 2785 Γεφυραῖοι
367 2707 431 2768 ὅθεν
449 2707 623 2788 ἐγεγόνεσαν,
638 2710 693 2766 ταῖν
711 2704 785 2780 ἦσαν
799 2710 826 2765 οἶ
838 2706 995 2786 Ἱππάρχου

195 2797 301 2871 φονέες,
316 2795 461 2877 ἀπήγηταί
471 2823 529 2872 μοι·
551 2795 593 2854 δεῖ
602 2795 631 2853 δὲ
645 2795 714 2871 πρός
727 2793 852 2854 τούτοισι
872 2797 911 2854 ἔτι
929 2796 994 2856 α’να-

194 2887 296 2960 λαβεῖν
308 2883 357 2944 τόν
372 2884 430 2944 κατ’
441 2885 529 2962 α’ρχιὶς
539 2883 587 2958 ἧῖα
601 2886 688 2953 λέξων
702 2882 796 2963 λόγον,
809 2882 844 2946 οῖς
856 2883 994 2960 τυρόννων

194 2971 421 3048 ἐλευθερώθησαν
430 2972 582 3047 Ἀθηναῖοι.
603 2972 716 3029 Ἱππίεω
726 2973 937 3047 τυραννεύοντος
948 2974 994 3032 καὶ

195 3060 441 3135 ἐμπικραινομένου
454 3059 629 3134 Ἀθηναίοισι
649 3059 693 3116 διὰ
710 3063 759 3118 τόν
772 3059 927 3138 Ἱππάρχου
946 3061 993 3120 θεῖ’

194 3172 285 3214 νατον,
305 3145 528 3222 Ἀλκμαιωνίδαι,
552 3147 632 3226 γένος
657 3147 746 3208 ε’όντες
769 3146 921 3222 Ἀθηναῖοι,
948 3150 994 3206 καὶ

194 3234 343 3314 φεύγοντες
364 3234 608 3311 Πεισιστρατίδας,
627 3237 690 3292 ε’πεί
708 3261 738 3294 τε
759 3235 896 3312 σφιτᾶμα
915 3239 994 3295 τοῖσι

193 3321 311 3381 ἄλλοισι
330 3321 484 3398 Ἀθηναίων
508 3321 618 3402 φυγάσι
641 3323 838 3401 πειρωμένοισι
862 3323 932 3382 κατεῖ
959 3322 993 3384 τό
