<?xml version="1.0" encoding="UTF-8"?>
<!DOCTYPE html PUBLIC "-//W3C//DTD XHTML 1.0 Transitional//EN"
    "http://www.w3.org/TR/xhtml1/DTD/xhtml1-transitional.dtd">
<html xmlns="http://www.w3.org/1999/xhtml" xml:lang="en" lang="en">
 <head>
  <title>
</title>
<meta http-equiv="Content-Type" content="text/html;charset=utf-8" />
  <meta name='ocr-system' content='tesseract 3.04.00' />
  <meta name='ocr-capabilities' content='ocr_page ocr_carea ocr_par ocr_line ocrx_word'/>
</head>
<body>
  <div class='ocr_page' id='page_1' title='image "./herodotusrecens00blakgoog_0289.png"; bbox 0 0 2250 3552; ppageno 0'>
   <div class='ocr_carea' id='block_1_1' title="bbox 379 491 730 566">
    <p class='ocr_par' dir='ltr' id='par_1_1' title="bbox 379 491 730 566">
     <span class='ocr_line' id='line_1_1' title="bbox 379 491 730 566; baseline -0.011 0"><span class='ocrx_word' id='word_1_1' title='bbox 379 491 730 566; x_wconf 75' lang='lat' dir='ltr'>‘HPOAOTOY</span> 
     </span>
    </p>
   </div>
   <div class='ocr_carea' id='block_1_2' title="bbox 286 689 824 758">
    <p class='ocr_par' dir='ltr' id='par_1_2' title="bbox 286 689 824 758">
     <span class='ocr_line' id='line_1_2' title="bbox 286 689 824 758; baseline -0.011 1"><span class='ocrx_word' id='word_1_2' title='bbox 286 693 547 758; x_wconf 84' lang='grc' dir='ltr'>ἹΣΤΟΡΙΩΝ</span> <span class='ocrx_word' id='word_1_3' title='bbox 593 689 824 756; x_wconf 88' lang='grc' dir='ltr'><strong>ΕΝΝΑΤΗ.</strong></span> 
     </span>
    </p>
   </div>
   <div class='ocr_carea' id='block_1_3' title="bbox 503 863 601 889">
    <p class='ocr_par' dir='ltr' id='par_1_3' title="bbox 503 863 601 889">
     <span class='ocr_line' id='line_1_3' title="bbox 503 863 601 889; baseline 0 -5"><span class='ocrx_word' id='word_1_4' title='bbox 503 863 601 889; x_wconf 53' lang='grc' dir='ltr'>κφ-</span> 
     </span>
    </p>
   </div>
   <div class='ocr_carea' id='block_1_4' title="bbox 444 989 665 1044">
    <p class='ocr_par' dir='ltr' id='par_1_4' title="bbox 444 989 665 1044">
     <span class='ocr_line' id='line_1_4' title="bbox 444 989 665 1044; baseline -0.009 0"><span class='ocrx_word' id='word_1_5' title='bbox 444 989 665 1044; x_wconf 86' lang='grc' dir='ltr'>ΚΑΛΛΙΟΠΗ.</span> 
     </span>
    </p>
   </div>
   <div class='ocr_carea' id='block_1_5' title="bbox 138 1093 979 3374">
    <p class='ocr_par' dir='ltr' id='par_1_5' title="bbox 138 1093 979 3374">
     <span class='ocr_line' id='line_1_5' title="bbox 191 1093 977 1172; baseline -0.001 -17"><span class='ocrx_word' id='word_1_6' title='bbox 191 1097 428 1160; x_wconf 77' lang='grc' dir='ltr'><strong>ΜΑΡΔΟΝΙΟΣ</strong></span> <span class='ocrx_word' id='word_1_7' title='bbox 456 1096 493 1166; x_wconf 76' lang='grc' dir='ltr'>δὲ,</span> <span class='ocrx_word' id='word_1_8' title='bbox 518 1095 553 1160; x_wconf 77' lang='grc' dir='ltr'>ὥς</span> <span class='ocrx_word' id='word_1_9' title='bbox 580 1099 606 1155; x_wconf 86' lang='grc' dir='ltr'>οἶ</span> <span class='ocrx_word' id='word_1_10' title='bbox 633 1095 832 1172; x_wconf 80' lang='grc' dir='ltr'>ἀπονοστήσας</span> <span class='ocrx_word' id='word_1_11' title='bbox 857 1093 977 1164; x_wconf 79' lang='grc' dir='ltr'>Ἀλέξ-1</span> 
     </span>
     <span class='ocr_line' id='line_1_6' title="bbox 138 1182 952 1263; baseline -0.004 -19"><span class='ocrx_word' id='word_1_12' title='bbox 138 1183 250 1262; x_wconf 84' lang='grc' dir='ltr'>,ανὸρος</span> <span class='ocrx_word' id='word_1_13' title='bbox 276 1182 313 1244; x_wconf 83' lang='grc' dir='ltr'>τά</span> <span class='ocrx_word' id='word_1_14' title='bbox 339 1183 415 1262; x_wconf 74' lang='grc' dir='ltr'>παρὰ</span> <span class='ocrx_word' id='word_1_15' title='bbox 435 1183 589 1260; x_wconf 86' lang='grc' dir='ltr'>Ἀθηναίων</span> <span class='ocrx_word' id='word_1_16' title='bbox 616 1184 745 1263; x_wconf 79' lang='grc' dir='ltr'>ἐσήμηνε,</span> <span class='ocrx_word' id='word_1_17' title='bbox 770 1183 900 1260; x_wconf 78' lang='grc' dir='ltr'>ὁρμηθεὶς</span> <span class='ocrx_word' id='word_1_18' title='bbox 923 1188 952 1242; x_wconf 81' lang='grc' dir='ltr'>ἐκ</span> 
     </span>
     <span class='ocr_line' id='line_1_7' title="bbox 151 1268 952 1350; baseline 0.001 -21"><span class='ocrx_word' id='word_1_19' title='bbox 151 1273 316 1347; x_wconf 81' lang='grc' dir='ltr'>Θεσσαλίης</span> <span class='ocrx_word' id='word_1_20' title='bbox 330 1270 383 1350; x_wconf 84' lang='grc' dir='ltr'>ἦγε</span> <span class='ocrx_word' id='word_1_21' title='bbox 395 1271 448 1348; x_wconf 82' lang='grc' dir='ltr'>τήν</span> <span class='ocrx_word' id='word_1_22' title='bbox 461 1272 597 1349; x_wconf 82' lang='grc' dir='ltr'>στρατιήν</span> <span class='ocrx_word' id='word_1_23' title='bbox 615 1272 726 1349; x_wconf 68' lang='grc' dir='ltr'>σπουδή</span> <span class='ocrx_word' id='word_1_24' title='bbox 744 1271 789 1330; x_wconf 83' lang='grc' dir='ltr'>ε’πὶ</span> <span class='ocrx_word' id='word_1_25' title='bbox 807 1269 857 1333; x_wconf 86' lang='grc' dir='ltr'>τάς</span> <span class='ocrx_word' id='word_1_26' title='bbox 870 1268 952 1347; x_wconf 77' lang='grc' dir='ltr'>Ἀθή-</span> 
     </span>
     <span class='ocr_line' id='line_1_8' title="bbox 151 1357 951 1440; baseline 0 -22"><span class='ocrx_word' id='word_1_27' title='bbox 151 1384 208 1421; x_wconf 91' lang='grc' dir='ltr'>νας·</span> <span class='ocrx_word' id='word_1_28' title='bbox 224 1358 292 1418; x_wconf 80' lang='grc' dir='ltr'>ὅκου</span> <span class='ocrx_word' id='word_1_29' title='bbox 305 1359 334 1418; x_wconf 82' lang='grc' dir='ltr'>δὲ</span> <span class='ocrx_word' id='word_1_30' title='bbox 348 1359 481 1420; x_wconf 81' lang='grc' dir='ltr'>ε’κάστοτε</span> <span class='ocrx_word' id='word_1_31' title='bbox 490 1359 603 1440; x_wconf 83' lang='grc' dir='ltr'>γίνοιτο,</span> <span class='ocrx_word' id='word_1_32' title='bbox 614 1359 727 1421; x_wconf 80' lang='grc' dir='ltr'>τούτους</span> <span class='ocrx_word' id='word_1_33' title='bbox 741 1357 951 1435; x_wconf 80' lang='grc' dir='ltr'>παρελάμβανε.</span> 
     </span>
     <span class='ocr_line' id='line_1_9' title="bbox 151 1446 952 1528; baseline 0.002 -23"><span class='ocrx_word' id='word_1_34' title='bbox 151 1449 228 1506; x_wconf 82' lang='grc' dir='ltr'>τοῖσι</span> <span class='ocrx_word' id='word_1_35' title='bbox 249 1447 279 1506; x_wconf 78' lang='grc' dir='ltr'>δὲ</span> <span class='ocrx_word' id='word_1_36' title='bbox 300 1448 464 1523; x_wconf 81' lang='grc' dir='ltr'>Θεσσαλίης</span> <span class='ocrx_word' id='word_1_37' title='bbox 485 1447 664 1528; x_wconf 76' lang='grc' dir='ltr'>ἡγεομένοισι</span> <span class='ocrx_word' id='word_1_38' title='bbox 688 1446 751 1506; x_wconf 81' lang='grc' dir='ltr'>οὔτε</span> <span class='ocrx_word' id='word_1_39' title='bbox 771 1446 806 1506; x_wconf 78' lang='grc' dir='ltr'>τά</span> <span class='ocrx_word' id='word_1_40' title='bbox 827 1447 883 1524; x_wconf 83' lang='grc' dir='ltr'>πρὸ</span> <span class='ocrx_word' id='word_1_41' title='bbox 903 1452 952 1507; x_wconf 82' lang='grc' dir='ltr'>τοῦ</span> 
     </span>
     <span class='ocr_line' id='line_1_10' title="bbox 151 1534 952 1618; baseline 0.002 -25"><span class='ocrx_word' id='word_1_42' title='bbox 151 1536 333 1618; x_wconf 77' lang='grc' dir='ltr'>πεπρηγμένα</span> <span class='ocrx_word' id='word_1_43' title='bbox 366 1536 503 1612; x_wconf 82' lang='grc' dir='ltr'>μετέμελε</span> <span class='ocrx_word' id='word_1_44' title='bbox 536 1534 622 1608; x_wconf 77' lang='grc' dir='ltr'>οὐδὲν,</span> <span class='ocrx_word' id='word_1_45' title='bbox 650 1538 749 1614; x_wconf 77' lang='grc' dir='ltr'>πολλῷ</span> <span class='ocrx_word' id='word_1_46' title='bbox 779 1561 810 1594; x_wconf 88' lang='grc' dir='ltr'>τε</span> <span class='ocrx_word' id='word_1_47' title='bbox 839 1539 952 1612; x_wconf 80' lang='grc' dir='ltr'>μᾶλλον</span> 
     </span>
     <span class='ocr_line' id='line_1_11' title="bbox 153 1623 953 1704; baseline 0 -22"><span class='ocrx_word' id='word_1_48' title='bbox 153 1627 258 1704; x_wconf 80' lang='grc' dir='ltr'>ε’πήγον</span> <span class='ocrx_word' id='word_1_49' title='bbox 277 1623 327 1683; x_wconf 76' lang='grc' dir='ltr'>τόν</span> <span class='ocrx_word' id='word_1_50' title='bbox 348 1624 474 1700; x_wconf 78' lang='grc' dir='ltr'>Πέρσην·</span> <span class='ocrx_word' id='word_1_51' title='bbox 496 1623 541 1682; x_wconf 82' lang='grc' dir='ltr'>καὶ</span> <span class='ocrx_word' id='word_1_52' title='bbox 562 1625 786 1700; x_wconf 80' lang='grc' dir='ltr'>συμπροέπεμψέ</span> <span class='ocrx_word' id='word_1_53' title='bbox 803 1649 834 1682; x_wconf 91' lang='grc' dir='ltr'>τε</span> <span class='ocrx_word' id='word_1_54' title='bbox 854 1623 953 1699; x_wconf 77' lang='grc' dir='ltr'>Θώρηξ</span> 
     </span>
     <span class='ocr_line' id='line_1_12' title="bbox 152 1709 952 1790; baseline 0 -20"><span class='ocrx_word' id='word_1_55' title='bbox 152 1709 168 1770; x_wconf 84' lang='grc' dir='ltr'>ό</span> <span class='ocrx_word' id='word_1_56' title='bbox 189 1715 367 1788; x_wconf 82' lang='grc' dir='ltr'>Ληρισσαῖος</span> <span class='ocrx_word' id='word_1_57' title='bbox 390 1712 495 1786; x_wconf 79' lang='grc' dir='ltr'>Ξέρξεα</span> <span class='ocrx_word' id='word_1_58' title='bbox 522 1710 669 1790; x_wconf 83' lang='grc' dir='ltr'>φεύγοντα,</span> <span class='ocrx_word' id='word_1_59' title='bbox 695 1711 740 1768; x_wconf 87' lang='grc' dir='ltr'>καὶ</span> <span class='ocrx_word' id='word_1_60' title='bbox 764 1711 827 1770; x_wconf 87' lang='grc' dir='ltr'>τότε</span> <span class='ocrx_word' id='word_1_61' title='bbox 851 1715 880 1768; x_wconf 84' lang='grc' dir='ltr'>ἐκ</span> <span class='ocrx_word' id='word_1_62' title='bbox 903 1715 952 1770; x_wconf 81' lang='grc' dir='ltr'>τοῦ</span> 
     </span>
     <span class='ocr_line' id='line_1_13' title="bbox 152 1797 979 1877; baseline -0.002 -19"><span class='ocrx_word' id='word_1_63' title='bbox 152 1804 276 1877; x_wconf 78' lang='grc' dir='ltr'>φανεροῦ</span> <span class='ocrx_word' id='word_1_64' title='bbox 288 1803 396 1876; x_wconf 79' lang='grc' dir='ltr'>παρῆκε</span> <span class='ocrx_word' id='word_1_65' title='bbox 411 1799 570 1875; x_wconf 85' lang='grc' dir='ltr'>Μαρδόνιον</span> <span class='ocrx_word' id='word_1_66' title='bbox 584 1799 630 1856; x_wconf 78' lang='grc' dir='ltr'>ἐπὶ</span> <span class='ocrx_word' id='word_1_67' title='bbox 642 1798 694 1874; x_wconf 82' lang='grc' dir='ltr'>τήν</span> <span class='ocrx_word' id='word_1_68' title='bbox 703 1797 839 1857; x_wconf 82' lang='grc' dir='ltr'>Ἑλλάδα.</span> <span class='ocrx_word' id='word_1_69' title='bbox 873 1797 979 1856; x_wconf 80' lang='grc' dir='ltr'>Ἐπεὶ2</span> 
     </span>
     <span class='ocr_line' id='line_1_14' title="bbox 152 1885 953 1967; baseline -0.001 -21"><span class='ocrx_word' id='word_1_70' title='bbox 152 1887 182 1946; x_wconf 78' lang='grc' dir='ltr'>δὲ</span> <span class='ocrx_word' id='word_1_71' title='bbox 200 1887 384 1964; x_wconf 84' lang='grc' dir='ltr'>πορευόμενος</span> <span class='ocrx_word' id='word_1_72' title='bbox 404 1887 509 1967; x_wconf 90' lang='grc' dir='ltr'>γίνεται</span> <span class='ocrx_word' id='word_1_73' title='bbox 530 1885 546 1946; x_wconf 81' lang='grc' dir='ltr'>ὁ</span> <span class='ocrx_word' id='word_1_74' title='bbox 567 1885 688 1963; x_wconf 79' lang='grc' dir='ltr'>στρατός</span> <span class='ocrx_word' id='word_1_75' title='bbox 706 1891 733 1946; x_wconf 85' lang='grc' dir='ltr'>έν</span> <span class='ocrx_word' id='word_1_76' title='bbox 755 1889 912 1956; x_wconf 86' lang='grc' dir='ltr'>Βοιωτοῖσι,</span> <span class='ocrx_word' id='word_1_77' title='bbox 926 1889 953 1945; x_wconf 81' lang='grc' dir='ltr'>οἱ</span> 
     </span>
     <span class='ocr_line' id='line_1_15' title="bbox 152 1973 952 2052; baseline -0.001 -18"><span class='ocrx_word' id='word_1_78' title='bbox 152 1978 276 2052; x_wconf 84' lang='grc' dir='ltr'>Θηβαῖοι</span> <span class='ocrx_word' id='word_1_79' title='bbox 305 1975 520 2052; x_wconf 75' lang='grc' dir='ltr'>κατελάμβανον</span> <span class='ocrx_word' id='word_1_80' title='bbox 542 1974 591 2035; x_wconf 80' lang='grc' dir='ltr'>τάν</span> <span class='ocrx_word' id='word_1_81' title='bbox 615 1974 775 2051; x_wconf 85' lang='grc' dir='ltr'>Μαρδόνιον</span> <span class='ocrx_word' id='word_1_82' title='bbox 803 1973 848 2032; x_wconf 87' lang='grc' dir='ltr'>καὶ</span> <span class='ocrx_word' id='word_1_83' title='bbox 875 1999 952 2033; x_wconf 91' lang='grc' dir='ltr'>συνε-</span> 
     </span>
     <span class='ocr_line' id='line_1_16' title="bbox 151 2060 952 2144; baseline -0.002 -22"><span class='ocrx_word' id='word_1_84' title='bbox 151 2064 292 2140; x_wconf 87' lang='grc' dir='ltr'>βούλευον</span> <span class='ocrx_word' id='word_1_85' title='bbox 305 2064 385 2144; x_wconf 74' lang='grc' dir='ltr'>αύτῷ,</span> <span class='ocrx_word' id='word_1_86' title='bbox 400 2064 530 2144; x_wconf 87' lang='grc' dir='ltr'>λέγοντες</span> <span class='ocrx_word' id='word_1_87' title='bbox 540 2063 575 2127; x_wconf 85' lang='grc' dir='ltr'>ιύς</span> <span class='ocrx_word' id='word_1_88' title='bbox 585 2062 635 2122; x_wconf 89' lang='grc' dir='ltr'>ούκ</span> <span class='ocrx_word' id='word_1_89' title='bbox 650 2063 691 2138; x_wconf 80' lang='grc' dir='ltr'>εἴη</span> <span class='ocrx_word' id='word_1_90' title='bbox 705 2067 795 2140; x_wconf 82' lang='grc' dir='ltr'>χῶρος</span> <span class='ocrx_word' id='word_1_91' title='bbox 809 2060 952 2137; x_wconf 80' lang='grc' dir='ltr'>ἐπιτηδεύ-</span> 
     </span>
     <span class='ocr_line' id='line_1_17' title="bbox 151 2149 953 2229; baseline 0 -19"><span class='ocrx_word' id='word_1_92' title='bbox 151 2178 230 2226; x_wconf 87' lang='grc' dir='ltr'>τερος</span> <span class='ocrx_word' id='word_1_93' title='bbox 254 2151 555 2229; x_wconf 76' lang='grc' dir='ltr'>ἐνστρατοπεδεύεσθαι</span> <span class='ocrx_word' id='word_1_94' title='bbox 580 2151 692 2211; x_wconf 80' lang='grc' dir='ltr'>ἐκείνου·</span> <span class='ocrx_word' id='word_1_95' title='bbox 731 2149 792 2208; x_wconf 81' lang='grc' dir='ltr'>ούδὲ</span> <span class='ocrx_word' id='word_1_96' title='bbox 815 2151 863 2208; x_wconf 81' lang='grc' dir='ltr'>ἔων</span> <span class='ocrx_word' id='word_1_97' title='bbox 886 2150 953 2210; x_wconf 83' lang='grc' dir='ltr'>ἰέναι</span> 
     </span>
     <span class='ocr_line' id='line_1_18' title="bbox 152 2238 954 2318; baseline 0.001 -20"><span class='ocrx_word' id='word_1_98' title='bbox 152 2241 299 2317; x_wconf 78' lang='grc' dir='ltr'>ἑκαστέρω,</span> <span class='ocrx_word' id='word_1_99' title='bbox 314 2241 379 2300; x_wconf 83' lang='grc' dir='ltr'>ἀλλ’</span> <span class='ocrx_word' id='word_1_100' title='bbox 394 2239 478 2299; x_wconf 88' lang='grc' dir='ltr'>αύτοΰ</span> <span class='ocrx_word' id='word_1_101' title='bbox 492 2239 617 2317; x_wconf 85' lang='grc' dir='ltr'>ἱζόμενον</span> <span class='ocrx_word' id='word_1_102' title='bbox 630 2240 733 2298; x_wconf 82' lang='grc' dir='ltr'>ποιέειν</span> <span class='ocrx_word' id='word_1_103' title='bbox 747 2238 816 2302; x_wconf 85' lang='grc' dir='ltr'>ὅκως</span> <span class='ocrx_word' id='word_1_104' title='bbox 829 2238 954 2318; x_wconf 73' lang='grc' dir='ltr'>ἀμαχητὶ</span> 
     </span>
     <span class='ocr_line' id='line_1_19' title="bbox 151 2327 952 2409; baseline 0 -21"><span class='ocrx_word' id='word_1_105' title='bbox 151 2327 203 2404; x_wconf 79' lang='grc' dir='ltr'>τήν</span> <span class='ocrx_word' id='word_1_106' title='bbox 216 2333 313 2389; x_wconf 79' lang='grc' dir='ltr'>πᾶσαν</span> <span class='ocrx_word' id='word_1_107' title='bbox 326 2327 453 2387; x_wconf 73' lang='grc' dir='ltr'>Ἐλλάδα</span> <span class='ocrx_word' id='word_1_108' title='bbox 466 2329 701 2406; x_wconf 77' lang='grc' dir='ltr'>καταστρέψηται·</span> <span class='ocrx_word' id='word_1_109' title='bbox 724 2337 741 2363; x_wconf 87' lang='grc'><strong>“</strong></span> <span class='ocrx_word' id='word_1_110' title='bbox 750 2327 820 2387; x_wconf 73' lang='grc' dir='ltr'>κατὰ</span> <span class='ocrx_word' id='word_1_111' title='bbox 833 2331 885 2405; x_wconf 78' lang='grc' dir='ltr'>μὲν</span> <span class='ocrx_word' id='word_1_112' title='bbox 897 2327 952 2409; x_wconf 84' lang='grc' dir='ltr'>γάρ</span> 
     </span>
     <span class='ocr_line' id='line_1_20' title="bbox 151 2415 952 2496; baseline 0 -20"><span class='ocrx_word' id='word_1_113' title='bbox 151 2416 184 2476; x_wconf 76' lang='grc' dir='ltr'>τό</span> <span class='ocrx_word' id='word_1_114' title='bbox 215 2417 332 2496; x_wconf 80' lang='grc' dir='ltr'>ἰσχυρόν</span> <span class='ocrx_word' id='word_1_115' title='bbox 360 2415 508 2492; x_wconf 84' lang='grc' dir='ltr'>Ἕλληνας</span> <span class='ocrx_word' id='word_1_116' title='bbox 535 2415 765 2493; x_wconf 82' lang='grc' dir='ltr'>όμοφρονέοντας,</span> <span class='ocrx_word' id='word_1_117' title='bbox 796 2417 875 2493; x_wconf 83' lang='grc' dir='ltr'>οἵπερ</span> <span class='ocrx_word' id='word_1_118' title='bbox 907 2417 952 2476; x_wconf 77' lang='grc' dir='ltr'>καὶ</span> 
     </span>
     <span class='ocr_line' id='line_1_21' title="bbox 151 2503 951 2585; baseline -0.003 -21"><span class='ocrx_word' id='word_1_119' title='bbox 151 2505 240 2582; x_wconf 75' lang='grc' dir='ltr'>πάρος</span> <span class='ocrx_word' id='word_1_120' title='bbox 257 2504 345 2565; x_wconf 82' lang='grc' dir='ltr'>ταύτά</span> <span class='ocrx_word' id='word_1_121' title='bbox 363 2505 522 2585; x_wconf 77' lang='grc' dir='ltr'>ἐγίνωσκον,</span> <span class='ocrx_word' id='word_1_122' title='bbox 539 2503 652 2583; x_wconf 74' lang='grc' dir='ltr'>χαλεπὰ</span> <span class='ocrx_word' id='word_1_123' title='bbox 671 2504 740 2564; x_wconf 84' lang='grc' dir='ltr'>εἶναι</span> <span class='ocrx_word' id='word_1_124' title='bbox 760 2505 951 2584; x_wconf 87' lang='grc' dir='ltr'>περιγίνεσθαι</span> 
     </span>
     <span class='ocr_line' id='line_1_22' title="bbox 152 2591 953 2668; baseline 0.002 -17"><span class='ocrx_word' id='word_1_125' title='bbox 152 2594 197 2652; x_wconf 79' lang='grc' dir='ltr'>καὶ</span> <span class='ocrx_word' id='word_1_126' title='bbox 220 2593 311 2653; x_wconf 80' lang='grc' dir='ltr'>ἅπασι</span> <span class='ocrx_word' id='word_1_127' title='bbox 339 2591 521 2668; x_wconf 73' lang='grc' dir='ltr'>ἀνθρώποισι·</span> <span class='ocrx_word' id='word_1_128' title='bbox 564 2597 587 2652; x_wconf 82' lang='grc' dir='ltr'>εἰ</span> <span class='ocrx_word' id='word_1_129' title='bbox 611 2593 640 2650; x_wconf 82' lang='grc' dir='ltr'>δὲ</span> <span class='ocrx_word' id='word_1_130' title='bbox 665 2591 794 2668; x_wconf 87' lang='grc' dir='ltr'>ποιήσεις</span> <span class='ocrx_word' id='word_1_131' title='bbox 815 2592 851 2651; x_wconf 80' lang='grc' dir='ltr'>τά</span> <span class='ocrx_word' id='word_1_132' title='bbox 873 2591 953 2666; x_wconf 82' lang='grc' dir='ltr'>ἡμεῖς</span> 
     </span>
     <span class='ocr_line' id='line_1_23' title="bbox 151 2677 952 2763; baseline 0.005 -25"><span class='ocrx_word' id='word_1_133' title='bbox 151 2681 358 2758; x_wconf 83' lang='grc' dir='ltr'>παραινέομεν,”</span> <span class='ocrx_word' id='word_1_134' title='bbox 394 2683 505 2756; x_wconf 76' lang='grc' dir='ltr'>ἔφασαν</span> <span class='ocrx_word' id='word_1_135' title='bbox 537 2682 674 2763; x_wconf 79' lang='grc' dir='ltr'>λέγοντες,</span> <span class='ocrx_word' id='word_1_136' title='bbox 717 2679 812 2748; x_wconf 85' lang='grc' dir='ltr'>“έξεις</span> <span class='ocrx_word' id='word_1_137' title='bbox 846 2677 952 2742; x_wconf 88' lang='grc' dir='ltr'>ἀπόνως</span> 
     </span>
     <span class='ocr_line' id='line_1_24' title="bbox 151 2766 950 2847; baseline -0.004 -20"><span class='ocrx_word' id='word_1_138' title='bbox 151 2767 260 2830; x_wconf 79' lang='grc' dir='ltr'>ἅπαντα</span> <span class='ocrx_word' id='word_1_139' title='bbox 272 2769 308 2829; x_wconf 84' lang='grc' dir='ltr'>τά</span> <span class='ocrx_word' id='word_1_140' title='bbox 327 2770 421 2830; x_wconf 90' lang='grc' dir='ltr'>κείνων</span> <span class='ocrx_word' id='word_1_141' title='bbox 439 2769 631 2847; x_wconf 84' lang='grc' dir='ltr'>βουλεύματα.</span> <span class='ocrx_word' id='word_1_142' title='bbox 673 2769 766 2844; x_wconf 87' lang='grc' dir='ltr'>πέμπε</span> <span class='ocrx_word' id='word_1_143' title='bbox 779 2766 910 2846; x_wconf 87' lang='grc' dir='ltr'>χρήματα</span> <span class='ocrx_word' id='word_1_144' title='bbox 923 2772 950 2830; x_wconf 80' lang='grc' dir='ltr'>ἐς</span> 
     </span>
     <span class='ocr_line' id='line_1_25' title="bbox 151 2855 951 2936; baseline -0.001 -20"><span class='ocrx_word' id='word_1_145' title='bbox 151 2859 215 2922; x_wconf 81' lang='grc' dir='ltr'>τούς</span> <span class='ocrx_word' id='word_1_146' title='bbox 228 2859 444 2922; x_wconf 80' lang='grc' dir='ltr'>δυναστεύοντας</span> <span class='ocrx_word' id='word_1_147' title='bbox 457 2857 557 2933; x_wconf 79' lang='grc' dir='ltr'>ἄνδρας</span> <span class='ocrx_word' id='word_1_148' title='bbox 576 2863 604 2918; x_wconf 81' lang='grc' dir='ltr'>ἐν</span> <span class='ocrx_word' id='word_1_149' title='bbox 622 2861 690 2936; x_wconf 78' lang='grc' dir='ltr'>τῇσι</span> <span class='ocrx_word' id='word_1_150' title='bbox 703 2855 814 2915; x_wconf 88' lang='grc' dir='ltr'>πόλισι·</span> <span class='ocrx_word' id='word_1_151' title='bbox 836 2856 951 2931; x_wconf 89' lang='grc' dir='ltr'>πέμπων</span> 
     </span>
     <span class='ocr_line' id='line_1_26' title="bbox 151 2941 951 3022; baseline -0.001 -19"><span class='ocrx_word' id='word_1_152' title='bbox 151 2944 189 3014; x_wconf 79' lang='grc' dir='ltr'>δὲ,</span> <span class='ocrx_word' id='word_1_153' title='bbox 202 2947 254 3022; x_wconf 82' lang='grc' dir='ltr'>τήν</span> <span class='ocrx_word' id='word_1_154' title='bbox 266 2947 393 3006; x_wconf 83' lang='grc' dir='ltr'>Ἑλλάδα</span> <span class='ocrx_word' id='word_1_155' title='bbox 407 2945 578 3022; x_wconf 86' lang='grc' dir='ltr'>διαστήσεις·</span> <span class='ocrx_word' id='word_1_156' title='bbox 602 2947 725 3006; x_wconf 80' lang='grc' dir='ltr'>ἐνθεῦτεν</span> <span class='ocrx_word' id='word_1_157' title='bbox 739 2943 768 3002; x_wconf 76' lang='grc' dir='ltr'>δὲ</span> <span class='ocrx_word' id='word_1_158' title='bbox 782 2943 846 3006; x_wconf 80' lang='grc' dir='ltr'>τούς</span> <span class='ocrx_word' id='word_1_159' title='bbox 861 2941 901 3019; x_wconf 80' lang='grc' dir='ltr'>μή</span> <span class='ocrx_word' id='word_1_160' title='bbox 915 2942 951 3002; x_wconf 85' lang='grc' dir='ltr'>τοὶ</span> 
     </span>
     <span class='ocr_line' id='line_1_27' title="bbox 151 3032 950 3113; baseline -0.006 -19"><span class='ocrx_word' id='word_1_161' title='bbox 151 3033 191 3094; x_wconf 80' lang='grc' dir='ltr'>σά</span> <span class='ocrx_word' id='word_1_162' title='bbox 208 3036 377 3111; x_wconf 82' lang='grc' dir='ltr'>φρονέοντας</span> <span class='ocrx_word' id='word_1_163' title='bbox 393 3036 502 3113; x_wconf 84' lang='grc' dir='ltr'>ῥηϊδίως</span> <span class='ocrx_word' id='word_1_164' title='bbox 519 3035 590 3110; x_wconf 82' lang='grc' dir='ltr'>μετοὶ</span> <span class='ocrx_word' id='word_1_165' title='bbox 607 3037 661 3094; x_wconf 80' lang='grc' dir='ltr'>τῶν</span> <span class='ocrx_word' id='word_1_166' title='bbox 678 3032 856 3093; x_wconf 85' lang='grc' dir='ltr'>στασιωτέων</span> <span class='ocrx_word' id='word_1_167' title='bbox 870 3057 950 3090; x_wconf 91' lang='grc' dir='ltr'>κατα-</span> 
     </span>
     <span class='ocr_line' id='line_1_28' title="bbox 151 3119 977 3200; baseline -0.007 -18"><span class='ocrx_word' id='word_1_168' title='bbox 151 3122 311 3200; x_wconf 78' lang='grc' dir='ltr'>στρέψεαι.”</span> <span class='ocrx_word' id='word_1_169' title='bbox 351 3127 378 3184; x_wconf 80' lang='grc' dir='ltr'>οἱ</span> <span class='ocrx_word' id='word_1_170' title='bbox 398 3127 449 3199; x_wconf 81' lang='grc' dir='ltr'>μὲν</span> <span class='ocrx_word' id='word_1_171' title='bbox 468 3127 556 3181; x_wconf 81' lang='grc' dir='ltr'>ταῦτα</span> <span class='ocrx_word' id='word_1_172' title='bbox 576 3120 791 3196; x_wconf 85' lang='grc' dir='ltr'>συνεβούλευον·</span> <span class='ocrx_word' id='word_1_173' title='bbox 819 3119 884 3178; x_wconf 74' lang='grc' dir='ltr'>ὅδὲ</span> <span class='ocrx_word' id='word_1_174' title='bbox 902 3121 977 3177; x_wconf 90' lang='grc' dir='ltr'>ούκ3</span> 
     </span>
     <span class='ocr_line' id='line_1_29' title="bbox 151 3204 950 3283; baseline 0 -16"><span class='ocrx_word' id='word_1_175' title='bbox 151 3212 284 3280; x_wconf 79' lang='grc' dir='ltr'>ἐπείθετο,</span> <span class='ocrx_word' id='word_1_176' title='bbox 305 3210 383 3270; x_wconf 83' lang='grc' dir='ltr'>ἀλλά</span> <span class='ocrx_word' id='word_1_177' title='bbox 404 3215 430 3269; x_wconf 82' lang='grc' dir='ltr'>οἱ</span> <span class='ocrx_word' id='word_1_178' title='bbox 451 3209 536 3271; x_wconf 86' lang='grc' dir='ltr'>δεινός</span> <span class='ocrx_word' id='word_1_179' title='bbox 557 3235 598 3270; x_wconf 93' lang='grc' dir='ltr'>τις</span> <span class='ocrx_word' id='word_1_180' title='bbox 619 3211 768 3266; x_wconf 81' lang='grc' dir='ltr'>ἐνέστακτο</span> <span class='ocrx_word' id='word_1_181' title='bbox 789 3208 882 3283; x_wconf 81' lang='grc' dir='ltr'>ἵμερος</span> <span class='ocrx_word' id='word_1_182' title='bbox 901 3204 950 3267; x_wconf 82' lang='grc' dir='ltr'>τάς</span> 
     </span>
     <span class='ocr_line' id='line_1_30' title="bbox 150 3291 949 3374; baseline -0.004 -19"><span class='ocrx_word' id='word_1_183' title='bbox 150 3295 270 3373; x_wconf 87' lang='grc' dir='ltr'>Ἀθήνας</span> <span class='ocrx_word' id='word_1_184' title='bbox 285 3297 399 3374; x_wconf 77' lang='grc' dir='ltr'>δεύτερα</span> <span class='ocrx_word' id='word_1_185' title='bbox 421 3297 516 3354; x_wconf 72' lang='grc' dir='ltr'>ἑλέειν·</span> <span class='ocrx_word' id='word_1_186' title='bbox 541 3293 600 3370; x_wconf 83' lang='grc' dir='ltr'>ἅμα</span> <span class='ocrx_word' id='word_1_187' title='bbox 617 3296 668 3369; x_wconf 80' lang='grc' dir='ltr'>μὲν</span> <span class='ocrx_word' id='word_1_188' title='bbox 683 3293 728 3351; x_wconf 75' lang='grc' dir='ltr'>ὕπ’</span> <span class='ocrx_word' id='word_1_189' title='bbox 743 3291 949 3371; x_wconf 75' lang='grc' dir='ltr'>ἀγνωμοσύνης,</span> 
     </span>
    </p>
   </div>
   <div class='ocr_carea' id='block_1_6' title="bbox 0 0 1130 3552">
    <p class='ocr_par' dir='ltr' id='par_1_6' title="bbox 0 0 1130 3552">
     <span class='ocr_line' id='line_1_31' title="bbox 0 0 1130 3552; baseline 0 0"><span class='ocrx_word' id='word_1_190' title='bbox 0 0 1130 3552; x_wconf 95' lang='lat' dir='ltr'> </span> 
     </span>
    </p>
   </div>
  </div>
 </body>
</html>
