2258 3568
905 103 918 126 ἱ

179 142 288 208 16-19]
423 129 425 134 ’
486 142 690 193 mmmm.
968 143 983 196 ι

178 223 332 299 μέταλλον,
346 225 378 296 ἐξ
391 223 423 286 οὗ
437 226 556 302 ὕστερον
574 223 679 284 τούτων
693 222 834 284 τάλαντον
852 221 985 304 ἀργυρίου

179 309 353 393 Ἀλεξάνδρῳ
379 313 486 392 ἡμέρης
515 311 636 387 ἑκάστης
653 312 763 388 ἐφοίτα·
797 311 869 387 μετά
895 311 924 372 δέ
951 311 984 372 τό

179 400 332 474 μέταλλον,
361 402 498 480 Δύσωρον
526 399 695 475 καλεόμενον
717 399 798 477 οὖρος
817 398 982 477 ὑπερβάντα

181 487 252 547 εἶναι
269 493 297 548 ἐν
313 490 482 570 Μακεδονίῃ.
525 492 562 549 Οἱ
583 487 620 548 ῶν
636 489 748 565 Πέρσαι
765 491 791 548 οἶ
809 489 984 565 πεμφθέντες
994 490 1030 548 18

181 573 259 635 οὗτοι
283 577 358 656 παρὰ
379 579 428 638 τόν
448 578 588 656 Ἀμύντην
606 575 641 638 ῶς
659 576 802 646 ἀπίκοντο,
823 578 915 636 αἴτεον
936 581 980 635 ἐλ-

180 664 277 728 θόντες
295 671 322 730 ἐς
344 665 411 744 ὅφιν
433 667 486 743 τὴν
505 665 646 742 Ἀμύντεω
665 665 773 745 Δαρείῳ
790 665 911 741 βασιλέϊ
929 668 984 745 γῆν

179 778 212 811 τε
223 753 268 811 καὶ
278 753 360 832 ὕδωρ·
380 755 436 814 ῶδέ
448 754 537 814 ταΰτά
549 779 580 813 τε
594 753 692 822 ἐδίδου,
707 753 756 812 καί
767 760 859 829 σφεας
873 753 918 812 ἐπὶ
931 753 984 822 ξεί·

181 866 226 899 νια
246 843 349 900 καλέει·
373 841 661 920 παρασκευασάμενος
681 841 711 900 δέ
732 841 842 901 δεῖπνον
861 845 982 922 μεγαλο-

183 931 291 1004 πρεπές,
313 930 421 990 ἐδέκετο
440 930 505 994 τούς
527 931 642 1007 Πέρσας
663 929 851 1006 φιλοφρόνως.
894 928 930 992 ῶς
953 929 983 988 δὲ

181 1016 238 1076 ἀπό
256 1017 367 1078 δείπνου
386 1019 521 1099 ἐγένοντο,
535 1018 709 1080 διαπίνοντες
727 1018 808 1077 εἶπαν
825 1020 852 1077 οἶ
870 1017 983 1095 Πέρσαι

180 1103 256 1164 τόδε·
278 1116 295 1141 “
304 1107 375 1174 ξεῖνε
393 1106 538 1178 Μακεδῶν,
552 1105 620 1183 ἡμῖν
639 1105 723 1182 νόμος
740 1105 801 1164 ἐστὶ
814 1108 891 1164 τοῖσι
909 1107 981 1183 Πέρ-

181 1217 260 1270 σησι,
276 1194 358 1252 ἐτεάν
372 1194 482 1254 δεῖπνον
494 1193 690 1272 προτιθώμεθα
702 1194 784 1274 μέγα,
798 1192 862 1252 τότε
875 1193 921 1252 καὶ
933 1193 983 1257 τάς

183 1281 329 1345 παλλακὰς
343 1283 389 1342 καὶ
401 1282 451 1346 τάς
461 1283 598 1359 κουριδίας
605 1286 736 1364 γυναῖκας
750 1282 905 1362 ἐσάγεσθαι
920 1307 989 1360 παρ-

182 1369 285 1446 έδρους·
326 1371 364 1430 σύ
380 1397 436 1442 νυν,
457 1372 569 1448 ἐπείπερ
587 1369 736 1448 προθύμως
752 1373 804 1447 μὲν
822 1371 917 1440 ἐδέξαο
933 1396 982 1448 με·

181 1456 274 1536 γάλως
286 1458 316 1518 δὲ
329 1459 458 1530 ξεινίζεις,
473 1459 557 1522 διδοῖς
568 1485 599 1519 τε
612 1459 733 1535 βασιλέϊ
751 1459 859 1538 Δαρείῳ
878 1463 932 1540 γῆν
949 1485 981 1519 τε

182 1545 228 1604 καὶ
240 1545 319 1623 ὕδωρ,
335 1548 399 1606 ἕπεο
417 1546 492 1626 νόμῳ
509 1551 547 1626 τῷ
560 1545 709 1625 ἡμετέρῳ·”
731 1546 791 1606 εἶπε
806 1546 877 1624 πρός
891 1550 980 1606 ταῦτα

181 1630 329 1710 Ἀμύντης·
348 1635 395 1694 “ὦ
412 1636 532 1711 Πέρσαι,
547 1633 631 1711 νόμος
646 1637 698 1710 μέν
715 1634 782 1711 ἡμῖν
798 1635 833 1715 γέ
850 1639 912 1694 ἐστι
931 1633 980 1694 ούκ

182 1719 269 1791 οὗτος,
291 1721 368 1782 ἀλλά
390 1723 559 1801 κεχωρίσθαι
579 1721 679 1798 ἄνδρας
699 1727 844 1802 γυναικῶν·
871 1723 933 1782 ἐπεί
949 1748 980 1782 τε

182 1810 212 1868 δὲ
223 1809 302 1887 ύμεῖς
315 1810 406 1874 ἐόντες
416 1809 552 1870 δεσπόται
562 1809 757 1889 προσχρῄζετε
770 1811 896 1881 τουτέων,
910 1837 980 1888 παρ-

182 1899 262 1957 έσται
280 1898 346 1974 ύμῖν
365 1899 410 1958 καὶ
428 1896 540 1958 ταῦτα.”
566 1897 643 1962 εἴπας
659 1903 788 1958 τοσαῦτα
808 1897 823 1958 ὁ
842 1898 980 1976 Ἀμύντης

180 1987 371 2063 μετεπέμπετο
380 1985 430 2049 τοὶς
447 1990 588 2066 γυναῖκας·
613 1989 642 2044 αἱ
656 1985 679 2046 δ’
693 1989 756 2046 ἐπεί
764 2013 795 2046 τε
814 1986 979 2063 καλεόμεναι

180 2072 276 2149 ἦλθον,
291 2074 389 2149 ἐπεξῆς
402 2073 492 2133 ἀντίαι
507 2074 597 2144 ἵζοντο
610 2077 687 2133 τοῖσι
701 2076 843 2153 Πέρσησι·
862 2075 980 2134 ἐνθαῦτα

181 2164 207 2220 οἱ
218 2162 327 2238 Πέρσαι
342 2161 463 2238 ι’δόμενοι
475 2165 607 2243 γυναῖκας
622 2161 787 2240 εὐμόρφους,
803 2163 900 2243 ἔλεγον
908 2163 979 2239 πρδς

179 2245 317 2325 Ἀμύντην
340 2249 462 2326 φάμενοι
484 2249 542 2310 “τδ
565 2251 682 2326 ποιηθέν
704 2255 787 2310 τοῦτο
811 2249 889 2310 οὐδὲν
910 2251 979 2310 εἶναι

180 2336 283 2412 σοφόν·
305 2338 428 2414 κρέσσον
448 2338 503 2420 γάρ
525 2338 593 2398 εἶναι
614 2337 736 2418 ἀρχῆθεν
756 2339 796 2415 μη
818 2341 910 2399 ἐλθεῖν
929 2339 979 2404 τὰς

179 2429 316 2504 γυναῖκας,
336 2424 355 2502 ἢ
376 2425 517 2490 ἐλθούσας
536 2428 582 2486 καὶ
606 2427 646 2502 μὴ
673 2428 858 2503 παριζομένας
885 2427 979 2491 ἀντίας

179 2513 287 2582 ἵζεσθαι
301 2513 459 2595 ἀλγηδόνας
476 2521 533 2591 σφι
551 2513 734 2591 όφθαλμῶν·”
755 2514 978 2596 ἀναγκαζόμενος

178 2599 237 2660 δέό
253 2601 391 2678 Ἀμύντης
405 2603 514 2662 ἐκέλευε
524 2603 657 2680 παρίζειν·
678 2603 862 2679 πειθομενέων
876 2605 905 2662 δὲ
923 2609 979 2663 τῶν

177 2693 321 2769 γυναικῶν,
336 2688 434 2748 αὐτίκα
448 2693 474 2749 οἱ
488 2691 599 2766 Πέρσαι
612 2695 728 2768 μαστῶν
744 2717 774 2750 τε
788 2689 918 2762 ἅπτοντο,
933 2692 979 2752 οἶα

177 2775 300 2840 πλεόνως
313 2779 464 2854 οἰνωμένοι,
479 2778 528 2837 καί
538 2805 587 2838 κου
599 2804 641 2841 τις
655 2779 701 2836 καὶ
715 2779 824 2854 φιλέειν
837 2783 975 2856 ἐπειρᾶτο·

176 2863 314 2941 Ἀμύντης
328 2868 380 2942 μέν
398 2865 432 2941 δὴ
450 2870 538 2926 ταῦτα
557 2866 641 2944 ἀρέων
654 2865 775 2943 ἀτρέμας
793 2866 851 2945 εἶχε
865 2867 913 2925 καί
924 2894 976 2945 περ
988 2870 1024 2928 19

176 2951 348 3030 δυσφορέων,
363 2953 408 3012 οἶα
421 2953 637 3031 ὑπερδειμαίνων
655 2953 721 3016 τούς
736 2955 860 3032 Πέρσας·
880 2953 977 3027 Ἀλέξ-

175 3040 275 3116 ανδρος
284 3041 314 3099 δὲ
324 3039 340 3100 ό
350 3039 491 3117 Ἀμύντεω
501 3041 651 3118 παρεόντε
665 3041 711 3099 καὶ
725 3041 809 3118 ὁρέων
818 3047 914 3112 ταῦτα,
928 3043 977 3103 ἅτε

176 3129 237 3190 νέος
249 3153 280 3187 τε
293 3128 343 3188 ἐῶν
358 3129 403 3186 καὶ
417 3133 507 3188 κακῶν
520 3129 639 3204 ἀπαθής,
659 3126 785 3202 οὐδαμῶς
798 3131 837 3186 ἐτι
852 3131 977 3206 κατέχειν

175 3215 234 3279 οἷός
246 3241 277 3275 τε
286 3215 331 3292 ἦν·
347 3215 419 3276 ὥστε
429 3217 459 3275 δέ
467 3215 577 3292 βαρέως
587 3215 680 3291 φέρων
691 3213 750 3271 εἶπε
760 3214 830 3289 πρδς
839 3213 976 3288 Ἀμύντεα

173 3303 250 3367 ιἰίδε
273 3302 336 3364 “σύ
355 3306 415 3381 μέν,
437 3301 458 3361 ὦ
478 3303 575 3378 πάτεμ,
597 3301 651 3358 εἶκε
672 3303 708 3375 τῇ
727 3299 823 3375 η’λικίῃ
842 3297 931 3355 ἀπικύν
946 3321 976 3359 τε
