2250 3552
145 166 255 231 ιτ-ιο]
457 165 644 214 mmmm.
694 162 696 166 ⁴
896 165 943 212 τοι

143 245 179 321 δή
193 245 348 326 φεύγοντας
361 244 408 304 καὶ
421 244 524 305 στάσιν
538 245 717 308 ἐκλείποντας
729 243 814 320 τῖμέας
828 243 943 319 εἴδομεν,

144 337 174 392 ἐν
185 333 364 408 Ἀθηναίοισί
373 358 404 392 τε
416 333 468 408 τήν
481 332 635 410 πρόπειραν
647 333 832 408 ποιευμένους,
847 329 946 394 αύτούς

142 447 175 480 τε
187 421 267 480 ἀντία
280 421 387 480 δούλων
404 425 459 481 τοῖν
479 421 619 497 ἡμετέρων
635 421 837 496 τασσομένους·
857 423 945 480 ταῦτα

143 509 269 584 οὐδαμῶς
282 508 387 586 ἀνδρῶν
401 508 513 590 α’γαθῶν
528 511 604 590 ἔργα·
626 507 702 567 α’λλό
715 511 852 567 πλεῖστον
868 507 902 583 δή
917 513 945 568 ἐν

142 597 207 672 τ’·μῖν
228 597 413 674 ἐψεύσθημεν.
455 596 674 674 προσδεκόμενοι
693 595 748 677 γὰρ
765 595 835 655 κατεῖ
855 596 944 666 κλέος,

143 685 179 748 ὦς
196 685 230 761 δή
249 686 374 764 πέμψετε
393 691 421 750 ἐς
437 685 525 763 ήμέας
543 685 648 762 κήρυκα
666 683 887 761 προκαλεύμενοι
900 686 945 743 καὶ

142 773 314 851 βουλόμενοι
347 773 477 852 μούνοισι
511 774 644 852 Πέρσῃσι
676 772 828 850 μάχεσθαι,
855 770 944 849 ἅρτιοι

143 860 233 924 ἐόντες
250 863 353 922 ποιέειν
370 866 467 934 ταῦτα,
485 862 563 922 οὐδὲν
580 866 690 920 τοιοῦτο
708 861 843 941 λέγοντας
860 859 945 936 ύμέας

143 949 264 1026 εὕρομεν,
279 949 357 1008 ἀλλὰ
369 949 553 1012 πτώσσοντας
565 953 688 1026 μᾶλλον.
729 952 779 1008 νῦν
798 947 834 1006 ὦν
850 947 944 1024 ἐπειδή

143 1036 192 1095 οὐκ
215 1037 292 1113 ὑμεῖς
318 1037 420 1115 ἤρξατε
446 1037 547 1098 τούτου
573 1041 624 1096 τοῦ
652 1036 748 1117 λόγου,
771 1035 836 1094 ἀλλ’
864 1035 943 1112 ήμεῖς

141 1124 272 1204 ἄρχομεν,
286 1127 316 1185 τί
327 1125 361 1202 δή
376 1125 408 1185 ού
421 1126 476 1203 πρό
494 1129 545 1202 μὲν
558 1130 612 1185 τῶν
625 1124 770 1200 Ἑλλήνων
786 1123 870 1199 ὑμεῖς,
886 1125 948 1182 ἐπεί
986 1149 987 1153 ’

141 1237 172 1271 τε
189 1214 344 1284 δεδόξωσθε
362 1214 430 1274 εἶναι
450 1213 569 1292 ἄριστοι,
588 1213 643 1290 πρό
664 1213 694 1272 δέ
714 1217 768 1272 τῶν
788 1212 944 1289 βαρβάρων

142 1299 228 1377 ἡμεῖς,
243 1303 302 1362 ἴσοι
315 1301 386 1380 πρός
399 1305 478 1365 ἴσους
494 1301 613 1379 ἀριθμόν
626 1300 828 1381 μαχεσόμεθα;
851 1301 897 1359 καὶ
909 1299 943 1376 ἢν

140 1391 193 1464 μὲν
205 1390 288 1469 δοκέῃ
302 1391 348 1449 καὶ
363 1391 428 1454 τούς
446 1389 552 1452 ἄλλους
569 1389 721 1468 μάχεσθαι,
736 1392 763 1448 οῖ
778 1388 801 1447 δ’
816 1387 853 1448 ὧν
865 1391 942 1466 μετέ-

141 1502 223 1536 πειτα
240 1479 392 1557 μαχέσθων
410 1477 531 1555 ὕστεροι·
554 1478 625 1536 εἰδὲ
644 1478 689 1536 καὶ
707 1476 747 1554 μή
766 1477 865 1547 δοκέοι,
879 1477 944 1537 ἀλλ’

140 1563 228 1640 ήμέας
250 1565 368 1642 μούνους
391 1565 527 1645 ἀποχρᾶν,
548 1565 628 1642 ήμεῖς
651 1566 681 1624 δὲ
704 1565 942 1645 διαμαχεσόμεθα·

140 1650 267 1730 ὁκότεροι
285 1653 308 1712 δ’
327 1652 360 1713 ἂν
377 1654 469 1731 ήμέων
487 1654 632 1729 νικήσωσι,
651 1652 765 1718 τούτους
783 1659 821 1732 τῷ
842 1654 943 1714 ἅπαντι

140 1742 322 1821 στρατοπέδῳ
348 1741 450 1802 νικιῖν.”
491 1742 525 1801 ‘0
545 1746 605 1819 μὲν,
626 1747 714 1802 ταῦτα
735 1743 813 1805 ε’ίπας
839 1768 869 1801 τε
896 1744 940 1800 καὶ
952 1745 988 1802 49

141 1830 266 1908 ἐπισχεῖν
292 1831 402 1908 χρόνον,
430 1830 466 1895 ὥς
494 1834 521 1890 οἱ
551 1831 638 1893 οὐδεὶς
668 1830 746 1889 οὐδὲν
774 1829 942 1906 ιῖπεκρίνετο,

140 1915 349 1978 ἅπαλλαλτσετο
370 1918 470 1978 ὀπίσω·
505 1918 635 1978 ἀπελθεῖν
656 1918 685 1976 δὲ
710 1917 842 1994 ἐσήμαινε
864 1923 942 1994 Μαρ-

140 2003 221 2084 δονίῳ
240 2006 277 2065 τὰ
299 2007 507 2083 καταλαβόντα·
533 2007 548 2067 ό
572 2007 600 2065 δὲ
623 2005 775 2084 περιχαρής
796 2005 943 2086 γενόμενος

141 2094 187 2151 καὶ
204 2095 332 2170 ἐπαρθεὶς
350 2099 445 2174 ψυχρή
460 2096 528 2175 νίκῃ,
547 2099 633 2169 ἐπῆκε
650 2095 702 2169 τήν
722 2095 807 2152 ἵππον
821 2094 866 2152 ἐπὶ
879 2091 943 2156 τοῧς

139 2179 289 2256 Έλληνας·
321 2181 356 2244 αῖς
378 2183 407 2241 δέ
432 2182 580 2258 ἐπήλασαν
604 2186 630 2242 οῖ
655 2181 778 2252 ἱππόται,
805 2183 943 2242 ἐσινέοντο

139 2272 238 2329 πᾶσαν
250 2269 302 2345 τήν
315 2271 451 2347 στρατιήν
469 2270 520 2347 τήν
536 2270 706 2347 Ἑλληνικήν
722 2272 943 2343 ἐσακοντίζοντές

139 2381 171 2415 τε
193 2358 238 2416 καῖ
258 2358 423 2428 τοξεύοντες,
442 2358 514 2418 ὥστε
539 2360 721 2429 ἱπποτοξόται
743 2386 774 2420 τε
791 2359 881 2424 ἐόντες
898 2361 943 2419 καὶ

139 2447 356 2522 προσφέρεσθαι
369 2445 479 2523 ἄποροι·
493 2447 544 2524 τήν
553 2475 584 2507 τε
595 2448 696 2525 κρήνην
706 2450 757 2525 τήν
768 2451 942 2530 Γαργαφίην,

140 2531 188 2590 ἀπ’
203 2531 236 2608 ἧς
257 2533 385 2610 ὑδρεύετο
406 2539 462 2594 πᾶν
479 2535 512 2595 τό
533 2536 694 2613 στράτευμα
714 2537 746 2596 τό
766 2537 942 2612 Ἑλληνικόν,

140 2622 330 2700 συνετάραξαν
356 2623 403 2681 καὶ
426 2624 600 2702 συνέχωσαν.
636 2623 716 2699 ἦσαν
741 2626 792 2699 μὲν
816 2623 852 2683 ὧν
874 2624 943 2682 κατὰ

139 2709 192 2784 τήν
211 2710 313 2787 κρήνην
326 2711 540 2788 Λακεδαιμόνιοι
556 2712 720 2792 τεταγμένοι
738 2715 846 2787 μοῦνοι·
867 2714 943 2771 τοῖσι

140 2795 170 2856 δὲ
186 2795 304 2856 ἄλλοισι
317 2797 445 2874 Ἕλλησι
457 2798 476 2875 ή
489 2802 541 2876 μέν
562 2799 649 2876 κρήνη
662 2797 761 2874 πρόσω
780 2799 892 2876 ἐγένετο,
908 2799 944 2862 αῖς

142 2885 256 2945 ἔκαστοι
283 2888 380 2964 ἔτυχον
404 2887 576 2968 τεταγμένοι,
599 2887 616 2946 ό
638 2887 667 2946 δὲ
688 2885 818 2949 Ἀσωπός
840 2886 940 2967 α’γχοιῖ·

141 2974 300 3051 ἐρυκόμενοι
321 2975 351 3033 δὲ
371 2974 428 3033 ἇπὸ
449 2978 499 3034 τοῦ
514 2974 656 3045 Ἀσωποῦ,
675 2974 745 3034 οὕτω
766 2974 800 3050 δή
825 2976 871 3034 ἐπὶ
891 2975 943 3050 τήν

141 3062 243 3138 κρήνην
254 3063 389 3138 ἐφοίτεον·
405 3062 461 3122 ἀπό
475 3067 525 3121 τοῦ
538 3067 666 3140 ποταμοῦ
680 3062 734 3144 γάρ
748 3070 804 3139 σφι
818 3063 867 3122 ούκ
878 3064 942 3140 ἐξήν

140 3148 212 3228 ὕδωρ
227 3151 389 3228 φορέεσθαι,
403 3150 457 3209 ύπό
470 3176 501 3209 τε
514 3155 569 3210 ταῖν
583 3153 686 3210 ἱππέων
701 3151 746 3209 καὶ
759 3152 942 3227 τοξευμάτων.

181 3237 289 3299 Τούτου
312 3238 342 3297 δέ
358 3238 485 3297 τοιούτου
508 3238 662 3318 γινομένου,
683 3243 710 3298 οἱ
729 3243 783 3298 τῶν
796 3239 988 3314 Ἐλλήνωνὸθ

142 3328 306 3407 στρατηγοὶ,
333 3324 382 3384 ἅτε
408 3329 459 3384 τοῦ
492 3351 523 3384 τε
548 3324 646 3387 ὕδατος
680 3327 864 3402 στερηθείσης
893 3331 942 3402 τῆς
