2258 3568
180 133 212 183 ιο
486 131 667 182 Ἧυοιουοτ
932 133 979 198 [v.

178 207 302 286 ε’κάτεροι
321 208 411 270 αύτῶν
424 210 561 286 μαρτύρια
574 209 788 286 ἀποφαίνονται·
803 211 848 270 καὶ
861 211 982 289 πάρεστι

178 297 337 373 ὁκοτέροισί
344 322 386 380 τις
399 299 523 357 πείθεται
540 296 637 366 αὐτῶν,
646 297 772 357 τούτοισι
782 301 981 377 προσχωρέειν.

129 386 168 444 46
179 386 335 448 Συνέπλεον
349 385 379 444 δὲ
393 385 497 462 Δωριέϊ
510 385 555 444 καὶ
569 385 654 444 ἄλλοι
672 387 841 466 συγκτίσται
859 389 980 465 Σπαρτι-

177 473 270 548 ητέων,
291 473 441 536 Θεσσαλός
462 475 508 532 καὶ
529 473 715 551 Παραιβάτης
736 475 782 533 καὶ
804 476 913 552 Κελέης
934 477 980 536 καὶ

176 559 332 637 Εὐρυλέων·
354 561 380 620 οἳ
402 563 464 620 ε’πεί
478 588 509 621 τε
527 561 660 622 ἀπίκοντο
678 564 761 622 παντὶ
779 563 874 643 στόλῳ
888 569 915 628 ἐς
928 565 980 640 τήν

176 650 314 725 Σικελίην,
335 648 473 710 αἶπέθανον
495 650 573 729 μάχῃ
596 651 764 714 ἑσσωθέντες
786 651 841 711 ύπό
861 678 892 710 τε
913 660 977 712 Φοι,

178 737 258 796 νίκων
275 739 320 796 καὶ
337 736 516 819 Ἐγεσταίων·
537 743 640 815 μοῦνος
658 739 689 797 δέ
706 764 739 818 γε
757 737 906 816 Εὐρυλέων
923 745 978 800 τῶν

176 827 365 905 συγκτιστέων
388 827 560 906 περιεγένετο
583 827 682 886 τούτου
702 830 751 886 τοῦ
772 827 884 890 πάθεος·
907 833 976 886 συλ«

174 912 274 990 λαβῶν
294 913 323 972 δὲ
345 913 424 977 οὗτος
443 919 493 990 τῆς
513 918 647 992 στρατιῆς
666 915 730 977 τούς
750 917 978 996 περιγενομένους

175 1001 241 1080 έσχε
263 1002 378 1077 Μινώην
397 1002 448 1078 τήν
466 1003 653 1067 Σελινουσίων
673 1001 809 1078 οἷποικίην,
831 1005 877 1061 καὶ
898 1029 976 1064 συνε-

174 1091 306 1167 λευθέρου
326 1092 522 1155 Σελινουσίους
540 1095 590 1150 τοῦ
611 1090 770 1168 μουνάρχου
787 1092 976 1172 Πειθαγόρεω·

172 1179 244 1254 μετά
257 1179 293 1252 δὲ,
310 1178 459 1242 (ὅςτοῦτον
477 1183 597 1248 κατεῖλε,
612 1178 694 1241 αὐτός
710 1179 850 1255 τυραννίδι
869 1182 975 1260 ε’τεχεί·

172 1293 243 1343 ρησε
265 1269 452 1337 Σελινοῦντος,
468 1269 513 1326 καὶ
532 1267 725 1346 ἐμουνάρχησε
743 1267 844 1346 χρόνον
861 1267 903 1327 ἐπ’
917 1269 974 1328 ὀλί-

171 1381 232 1434 γον·
244 1355 332 1436 οἱγάρ
340 1382 388 1432 μιν
402 1357 580 1419 Σελινούσιοι
594 1356 797 1418 ἐπαναστάντες
812 1356 975 1418 ἀπέκτειναν

125 1443 162 1502 47
173 1443 370 1524 καταφυγόντα
401 1445 446 1502 ε’πὶ
471 1442 539 1505 Διός
564 1442 697 1523 ἀγοραίου
722 1444 829 1520 βωμόν.
872 1446 974 1509 Συνέσ-

172 1556 240 1590 πετο
256 1531 285 1589 δὲ
303 1532 406 1608 Δωριέϊ
423 1531 469 1590 καὶ
487 1532 659 1591 συναπέθανε
676 1534 816 1595 Φίλιππος
834 1532 849 1592 ό
869 1540 973 1593 Βουτα-

171 1619 257 1689 κίδεω,
281 1620 475 1696 Κροτωνιήτης
493 1619 571 1696 ἀνήρ·
600 1619 629 1682 ὃς
650 1619 845 1696 ἁρμοσάμενος
863 1621 971 1696 Τήλυος

171 1712 220 1766 τοῦ
240 1709 401 1784 Συβαρίτεω
421 1709 558 1789 θυγατέρα
573 1709 659 1786 ἔφυγε
678 1714 707 1767 ἐκ
725 1709 880 1784 Κρότωνος·
909 1719 973 1788 ψευ-

171 1797 249 1859 σθεὶς
272 1797 301 1856 δὲ
325 1800 376 1855 τοῦ
396 1797 487 1877 γάμου
506 1797 599 1874 οἴχετο
618 1799 710 1856 πλέων
729 1802 757 1860 ἐς
778 1797 918 1874 Κυρήνην·
943 1804 973 1858 έκ

170 1884 271 1960 ταύτης
291 1886 320 1944 δὲ
340 1885 513 1962 όρμειόμενος
534 1887 691 1945 συνέσπετο
710 1886 799 1964 οἰκηίῃ
818 1913 848 1945 τε
868 1886 973 1964 τριήρεϊ

171 1974 216 2032 καὶ
231 1975 321 2052 οἰκηίῃ
335 1973 440 2050 ἀνδρῶν
456 1973 573 2050 δαπάνη,
588 1974 638 2032 ε’(όν
651 2000 681 2034 τε
695 1973 913 2051 Ὀλυμπιονίκης
927 1978 972 2036 καὶ

170 2061 324 2125 κάλλιστος
345 2061 490 2137 Ἑλλήνων
511 2065 566 2122 τῶν
588 2061 646 2122 κατ’
669 2061 777 2122 ἑωυτόν.
820 2062 864 2121 διὰ
888 2063 917 2122 δὲ
938 2063 971 2124 τό

170 2153 269 2208 ἔωυτοῦ
288 2150 393 2212 κάλλος
412 2151 534 2209 ἐνείκατο
553 2150 629 2227 παρά
647 2150 817 2230 Ἐγεσταίων
835 2150 870 2210 τά
885 2149 973 2216 οὐδεὶς

170 2235 267 2300 ἄλλος·
283 2238 328 2297 ε’πὶ
340 2237 395 2319 γάρ
409 2243 458 2297 τοῦ
471 2237 564 2315 τάφου
578 2237 662 2298 αὐτοῦ
677 2237 777 2314 ήρώϊον
792 2239 971 2316 ἱδρυσάμενοι

122 2327 161 2384 48
171 2327 288 2404 θυσίῃσι
303 2325 388 2386 αύτόν
403 2326 577 2387 ἱλάσκονται.
619 2327 740 2404 Δωριεύς
753 2327 804 2404 μέν
818 2353 865 2386 νυν
878 2327 972 2410 τρόπῳ

169 2413 283 2492 τοιούτῳ
305 2415 478 2491 ἐτελεύτησε·
502 2419 525 2474 εἰ
544 2414 573 2473 δὲ
591 2415 728 2494 η’νέσχετο
749 2415 973 2493 βασιλευόμενος

169 2501 223 2561 ύπό
238 2504 412 2578 Κλεομένεος
426 2504 472 2562 καὶ
488 2504 619 2578 κατέμενε
633 2509 661 2563 έν
681 2503 804 2582 Σπάρτη,
820 2505 973 2580 ε’βασιλευε

170 2589 203 2650 ἂν
216 2591 431 2668 Λακεδαίμονος.
473 2591 505 2651 ού
518 2591 572 2672 γάρ
588 2618 650 2651 τινα
666 2593 777 2652 πολλόν
790 2592 892 2670 χρόνον
905 2591 972 2670 ἦρξε

169 2679 184 2737 ό
200 2681 370 2756 Κλεομένης,
388 2679 453 2738 ἀλλ’
472 2679 592 2739 α’πέθανε
612 2679 695 2742 ἅπαις
716 2681 854 2761 θυγατέρα
867 2681 973 2758 μούνην

169 2766 258 2827 λιπῶν
271 2771 306 2846 τῇ
321 2767 426 2844 οὕνομα
439 2767 473 2843 ἦν
487 2767 593 2847 Γοργώ.

121 2857 159 2914 49
210 2854 382 2915 Ἀπικυέεται
410 2856 432 2914 δ’
461 2855 497 2914 ὦν
525 2855 540 2914 ὁ
567 2854 772 2932 Ἀρισταγόρης
799 2855 814 2915 ό
840 2854 972 2931 Μιλήτου

169 2943 301 3020 τύραννος
322 2949 349 3005 ε’ς
368 2943 420 3019 τήν
440 2943 580 3019 Σπάρτην,
601 2944 775 3017 Κλεομένεος
793 2945 905 3022 ἔχοντος
920 2943 973 3019 τήν

170 3030 269 3109 ἀρχήν·
304 3035 342 3109 τῷ
368 3031 401 3106 δή
431 3036 458 3094 ε’ς
484 3031 587 3111 λόγους
614 3029 665 3104 ἤϊε,
695 3029 730 3092 ως
758 3030 973 3108 Λακεδαιμόνιοι

170 3119 296 3196 λέγουσι,
319 3119 388 3197 ἔχων
411 3118 533 3198 χάλκεον
553 3120 656 3178 πίνακα
677 3123 705 3176 ἐν
726 3122 764 3198 τῷ
783 3123 837 3200 γῆς
859 3118 972 3194 ἁπάσης

172 3206 300 3282 περίοδος
329 3209 500 3282 ἐνετέτμητο,
531 3207 576 3265 καὶ
604 3205 741 3265 θάλασσά
759 3233 792 3266 τε
819 3210 900 3266 πᾶσα
928 3207 974 3264 καὶ

170 3295 292 3370 ποταμοὶ
310 3293 424 3370 πάντες·
440 3293 636 3372 ἀπικνεόμενος
649 3294 679 3353 δὲ
693 3299 720 3357 ἐς
733 3294 836 3370 λόγους
849 3295 864 3353 ὁ
877 3293 972 3370 Ἀριο·
