2276 3554
138 163 251 228 ιιι-ου]
452 161 637 211 nomm.
888 160 936 208 ιιι

137 241 198 302 ούτι
218 241 392 322 ἀνεχομένων
411 241 462 304 τάς
482 239 625 317 καμήλους
644 237 760 315 ὕστεροι
780 237 938 317 ἐτετάχατο,

138 329 183 388 ἵνα
203 329 245 407 μη
267 330 405 407 φοβέοιτο
425 328 458 388 τό
481 326 603 388 ἱππικόν.
639 326 793 406 Ἵππαρχοι
815 326 844 386 δὲ
862 325 937 402 ἦσαν
948 329 987 386 88

136 415 330 495 Ἀρμαμίθρης
349 442 381 477 τε
402 418 448 476 καὶ
470 416 590 484 Τίθαιος,
614 414 717 478 Δάτιος
737 414 842 478 παῖδες·
870 413 885 474 ά
907 414 937 474 δὲ

135 507 229 581 τρίτος
243 513 299 582 σφι
312 505 507 584 συνίππαρχος
517 503 679 583 Φαρνούχης
693 503 896 564 καταλέλειπτο
911 507 940 564 έν

135 593 256 670 Σάρδισι
277 593 390 654 νοσέων·
412 593 448 656 οἷς
467 592 522 673 γάρ
543 592 683 669 ὁρμέοντο
702 597 731 651 ἐκ
747 591 878 669 Σαρδίων,
893 591 939 652 ἐπὶ
987 647 991 654 ,

135 682 290 759 συμφορὴν
314 683 427 742 ε’νέπεσε
450 679 629 756 άνεθέλητον·
657 678 799 740 ἐλαύνοντι
823 679 877 760 γάρ
902 684 937 750 οἶ,

133 768 191 829 ύπδ
210 769 275 833 τούς
296 770 384 833 πόδας
404 772 455 830 τοῦ
478 770 564 828 ἵππου
583 766 725 845 ὑπέδραμε
744 767 824 827 κύων·
852 769 898 826 καὶ
920 768 936 828 ό

135 857 221 921 ἵππος
240 857 272 917 ού
290 857 419 935 προῖδιδν,
434 856 568 934 ἐφοβήθη
587 881 619 930 τε
640 857 687 914 καὶ
707 855 778 918 στάς
790 854 874 932 ὀρθός
886 854 937 914 α’π-

135 946 268 1005 εσείσατο
286 945 336 1006 τόν
353 945 526 1024 Φαρνούχεα·
547 944 643 1004 πεσιιλν
665 945 703 1013 δὲ,
720 942 790 1020 αἷμά
809 969 840 1004 τε
860 942 938 1020 ἤμεε,

134 1033 181 1091 καὶ
203 1038 231 1096 ές
250 1033 352 1109 φθίσιν
372 1035 508 1110 περιῆλθε
521 1034 541 1110 ἦ
554 1036 665 1096 νοῦσος·
685 1033 735 1092 τόν
748 1032 778 1091 δὲ
792 1032 878 1092 ἶππον
891 1032 938 1092 αὖ·

132 1121 199 1180 τίκα
219 1120 278 1180 κατ’
291 1120 381 1202 άρχάς
398 1122 534 1197 ἐποίησαν
552 1123 579 1180 οί
597 1121 701 1180 οἰκέται
719 1119 754 1183 ὦς
771 1120 889 1179 έκέλευε·
911 1125 938 1184 ές

132 1207 185 1269 τόν
203 1213 296 1289 χῶρον
309 1215 338 1270 έν
350 1215 441 1290 τῷπερ
459 1210 602 1285 κατέβαλε
613 1209 663 1268 τόν
677 1207 816 1268 δεσπότεα
829 1207 938 1290 άπαγα·

132 1295 239 1377 γόντες,
254 1303 283 1357 έν
295 1303 371 1358 τοῖσι
384 1297 503 1379 γούνασι
515 1296 659 1373 α’πέταμον
671 1297 707 1356 τά
720 1297 834 1356 σκέλεα.
864 1303 936 1375 Φαρ-

133 1385 237 1464 νούχης
250 1388 301 1462 μὲν
314 1384 385 1445 οὕτω
398 1384 544 1463 παρελύθη
556 1389 607 1460 τῆς
620 1383 778 1466 ἡγεμονίης.

173 1478 237 1533 Τῶν
257 1474 286 1533 δὲ
307 1473 439 1551 τριήρεων
459 1472 576 1550 ἀριθμός
597 1475 648 1550 μὲν
671 1474 779 1553 ἐγένετο
797 1472 868 1533 έπτά
888 1474 934 1532 καὶ
945 1475 982 1532 89

133 1559 276 1636 διηκόσιαι
290 1562 336 1620 καὶ
348 1562 448 1641 χίλιαι·
462 1560 630 1639 παρείχοντο
644 1561 673 1619 δὲ
687 1559 771 1624 αι’τάς
785 1560 851 1620 οἶδε·
872 1563 935 1621 Φοί-

133 1673 207 1714 νικες
219 1652 272 1727 μὲν
284 1649 338 1710 σύν
352 1650 479 1727 Συρίοισι
491 1652 568 1708 τοῖσι
579 1653 608 1708 έν
621 1650 847 1727 τῇΠαλαιστίνη
860 1675 935 1726 τριη·

134 1739 241 1809 κασίας,
256 1736 307 1797 ὧδε
326 1737 536 1814 ἐσκευασμένοι·
557 1737 621 1813 περὶ
634 1740 686 1813 μὲν
701 1741 769 1817 τῇσι
790 1741 934 1816 κεφαλῇσι

133 1827 231 1889 κυνέας
245 1825 321 1906 εἶχον
334 1825 481 1906 άγχοτάτω
493 1825 680 1901 πεποιημένας
690 1824 794 1902 τρόπον
807 1825 857 1884 τόν
869 1823 934 1883 Ἑλ-

132 1914 258 1990 ληνικόν·
282 1913 452 1976 ἐνδεδυκότες
475 1913 505 1972 δὲ
529 1912 653 1990 θώρηκας
674 1913 790 1982 λινέους,
814 1911 935 1976 άσπίδας

132 2001 163 2061 δὲ
184 2003 244 2066 ἴτυς
264 2001 314 2062 ούκ
335 2001 457 2081 ε’χούσας
478 2001 563 2080 εἶχον,
585 2001 631 2059 καὶ
653 1999 778 2061 άκόντια·
806 1997 883 2060 οὗτοι
904 2000 934 2060 δὲ

132 2093 160 2149 οἶ
181 2093 306 2154 Φοίνικες
327 2091 361 2150 τά
384 2089 506 2150 παλαιόν
529 2089 627 2158 οίκεον,
648 2089 684 2153 οἷς
707 2087 786 2149 αύτοῖ
807 2089 933 2169 λέγουσι,

132 2179 180 2237 ἐπὶ
197 2182 234 2257 τῇ
251 2177 372 2258 Ἐρυθρῇ
392 2178 537 2257 θαλάσσῃ·
559 2179 683 2238 ἐνθεῦτεν
704 2177 733 2236 δὲ
754 2176 933 2253 ὑπερβάντες,

130 2270 183 2342 τῆς
196 2268 297 2344 Συρίης
309 2269 432 2326 οἰκέουσι
449 2267 484 2326 τά
499 2265 575 2343 παρά
592 2267 753 2326 θάλασσαν·
774 2270 824 2342 τῆς
837 2266 867 2326 δὲ
882 2268 933 2332 Συ·

129 2355 194 2431 ρίης
211 2359 295 2415 τοῦτο
312 2354 345 2415 τό
364 2357 472 2434 χωρίον,
488 2355 534 2412 καὶ
553 2353 586 2414 τό
606 2355 690 2433 μέχρι
704 2354 847 2436 Αἰγύπτου
867 2360 930 2430 πάν,

131 2445 315 2520 Παλαιστίνη
342 2445 479 2502 καλέεται.
521 2442 669 2523 Αἰγύπτιοι
695 2444 724 2502 δὲ
751 2444 812 2508 νέας
839 2446 933 2521 παρεί-

129 2557 218 2611 χοντο
230 2532 382 2608 διηκοσίας·
404 2529 480 2591 οὗτοι
493 2531 523 2591 δὲ
536 2531 613 2610 εἶχον
627 2533 689 2609 περὶ
701 2535 753 2610 μὲν
765 2539 833 2612 τῇσι
848 2540 933 2608 κεφα-

128 2624 204 2699 λῇσι
225 2619 325 2697 κράνεα
343 2619 475 2700 χηλευτά,
497 2619 618 2684 ἀσπίδας
640 2620 669 2679 δὲ
689 2623 787 2684 κοίλας
803 2619 854 2683 τάς
875 2622 933 2684 ἴτυς

128 2708 258 2790 μεγάλας
276 2707 405 2788 έχούσας,
422 2709 468 2767 καὶ
486 2707 590 2785 δόρατά
609 2734 641 2768 τε
662 2708 799 2788 ναύμαχα,
819 2709 865 2766 καὶ
885 2707 930 2766 τύ-

129 2823 196 2860 κους
213 2796 363 2878 μεγάλους·
389 2795 423 2856 τό
444 2795 474 2856 δὲ
497 2797 607 2872 πλῆθος
627 2796 717 2858 αὐτῶν
737 2795 932 2873 θωρηκοφόροι

128 2883 215 2961 ἦσαν,
228 2886 368 2964 μαχαίρας
381 2884 411 2944 δὲ
423 2884 549 2966 μεγάλας
566 2883 652 2964 εἶχον.
694 2882 770 2944 οὗτοι
789 2886 841 2961 μὲν
862 2882 932 2943 οὕτω

128 2973 314 3034 έσταλάδατο.
358 2973 480 3051 Κύπριοι
501 2973 530 3032 δὲ
553 2973 721 3053 παρείχοντο
744 2972 807 3036 νέας
830 2971 926 3048 πεντή-
940 2973 977 3030 90

128 3087 216 3122 κοντα
237 3062 282 3120 καὶ
303 3061 409 3133 ἑκατόν,
431 3063 633 3138 ἐσκευασμένοι
653 3059 713 3120 ὧδε·
737 3061 787 3124 τάς
809 3063 861 3137 μὲν
888 3084 930 3118 κε-

128 3149 227 3226 φαλᾶς
248 3150 373 3230 εἱλίχατο
393 3149 509 3228 μίτρῃσι
531 3153 557 3208 οἶ
577 3149 713 3224 βασιλέες
734 3147 832 3207 αι’ττῶν·
854 3149 881 3205 οἶ
901 3145 931 3205 δὲ

127 3236 216 3298 ἄλλοι
230 3237 307 3317 εἶχον
320 3239 445 3300 κιθῶνας·
466 3237 502 3296 τά
515 3237 545 3295 δὲ
558 3235 635 3294 άλλα
649 3233 771 3309 κατάπερ
782 3233 928 3307 Ἕλληνες.

127 3325 234 3388 τούτων
247 3325 277 3385 δὲ
289 3325 393 3386 τοσάδε
407 3324 485 3383 ἔθνεά
503 3329 574 3381 ε’στι·
596 3324 623 3378 οἱ
636 3323 687 3390 μὲν
700 3319 757 3378 άπὸ
770 3321 931 3389 Σαλαμῖνος
