2258 3568
182 139 274 205 ο-ιο]
398 131 399 135 ’
491 140 696 192 mmmm.
969 145 985 191 ι

181 222 246 285 τύος
261 219 428 281 κάλλιπον·
449 218 526 280 οὗτοι
543 221 596 298 μέν
610 228 707 297 σφεων
723 223 750 282 οἱ
766 221 987 298 ἐπιφανέστατοι

182 308 264 387 νόμοι
291 310 357 369 εἰσί.
398 309 486 373 Θεούς
513 309 542 369 δὲ
570 311 708 386 σέβονται
734 310 852 389 μούνους
874 309 1019 373 τούσδε·’ί

178 395 266 476 ”Apta
288 399 334 457 καὶ
356 398 495 458 Διόνυσον
517 399 564 458 καὶ
580 399 725 477 Ἀρτεμιν·
750 403 777 460 οἱ
799 401 828 459 δὲ
849 401 987 477 βασιλέες

182 486 280 556 αὐτῶν,
288 485 377 564 πάρεξ
382 491 437 547 τῶν
447 485 544 548 άλλων
554 488 719 564 πολιητέων,
731 489 868 565 σέβονται
876 489 985 566 Ἑρμῆν

181 574 311 652 μάλιστα
337 576 415 636 θεῶν·
443 576 490 634 καὶ
517 575 653 654 ὀμνύουσι
679 580 784 653 μοῦνον
807 581 914 646 τοῦτον,
939 577 986 636 καὶ

182 665 300 744 λέγουσι
315 664 459 745 γεγονέναι
475 663 532 724 άπδ
549 663 658 742 Ἑρμέω
675 664 799 729 ἑωυτούς.
841 665 937 741 Ταφαὶ
958 665 987 724 δὲ
1001 668 1020 724 8

181 756 258 812 τοῖσι
274 751 421 829 εὐδαίμοσι
442 751 532 812 αὐτῶν
553 753 609 812 εἶσὶ
626 753 695 812 αἵδε·
715 757 790 831 τρεῖς
808 756 860 831 μὲν
879 752 986 831 ἡμέρας

181 841 348 916 προτιθέασι
361 840 411 900 τᾶν
424 840 529 918 νεκρὰν,
543 842 590 900 καὶ
602 845 722 902 πάντοῖα
736 841 896 918 σφάξαντες
910 841 986 919 ἱρήῖα

182 927 354 1008 εὐωχέονται,
367 928 597 1008 προκλαύσαντες
614 935 733 1007 πρῶτον·
755 932 850 990 ἔπειτα
866 930 897 990 δὲ
916 930 986 990 θάπ-

181 1042 264 1078 τουσι
279 1017 511 1087 κατακαύσαντες,
525 1015 544 1094 ἢ
558 1017 652 1082 άλλως
667 1022 705 1099 γῇ
721 1019 883 1097 κρύψαντες·
903 1022 987 1097 χῶμα

182 1104 212 1164 δὲ
224 1106 346 1185 χέαντες,
356 1104 451 1187 άγῶνα
462 1107 567 1166 τιθεῖσι
577 1111 719 1176 παντοῖον,
731 1113 760 1167 έν
770 1111 809 1186 τῷ
818 1105 853 1166 τά
863 1109 986 1188 μέγιστα

182 1192 271 1252 άεθλο
284 1195 390 1253 τίθεται
404 1193 475 1252 κατά
488 1193 577 1275 λόγον
590 1196 791 1275 μουνομαχίης.
832 1196 922 1271 ταφαὶ
934 1197 987 1272 μὲν

182 1280 217 1357 δή
232 1281 357 1358 Θρηίκων
370 1282 426 1341 εἰσὶ
439 1279 531 1342 αὗται.

223 1369 262 1430 To*
272 1369 302 1428 δὲ
312 1369 383 1446 πρδς
396 1371 490 1447 βορέω
500 1375 551 1446 τῆς
563 1370 657 1449 χώρης
670 1372 710 1431 ἔτι
720 1370 821 1448 ταύτης
832 1371 920 1437 ούδεὶς
930 1374 988 1453 ἔχει
1001 1376 1018 1433 9

183 1457 294 1536 φράσαι
303 1458 336 1517 τὸ
347 1457 467 1534 άτρεκὲς,
477 1459 576 1522 οἵτινές
587 1463 642 1518 εἶσι
653 1459 804 1538 οἶνθριύπων
815 1463 842 1520 οἱ
851 1463 986 1524 οἰκέοντες

183 1545 277 1622 αύτήν·
299 1545 377 1604 άλλά
389 1546 425 1606 τά
438 1546 526 1623 πέρην
538 1545 592 1624 ἤδη
605 1552 656 1607 τοῦ
664 1546 780 1626 Ἴστρου
794 1552 896 1626 ε’ρῆμος
908 1549 986 1627 χάρη

184 1636 311 1709 φαίνεται
333 1639 420 1694 έοῦσα
442 1635 488 1693 καὶ
511 1633 634 1713 ἄπειρος.
674 1636 792 1713 μούνους
816 1637 846 1696 δὲ
869 1637 987 1715 δύναμαι

183 1723 322 1783 πυθέσθαι
345 1724 484 1786 οἰκέοντας
504 1724 592 1801 πέρην
612 1728 663 1784 τοῦ
680 1723 795 1802 Ἴστρου
817 1724 985 1803 ἀνθρώπους,

98 1843 103 1852 ·
182 1815 258 1872 τοῖσι
277 1810 383 1888 οὔνομα
402 1811 471 1872 εἶναι
493 1812 628 1894 Σιγύννας
646 1814 745 1889 ε’σθῆτι
765 1815 794 1873 δὲ
814 1816 987 1893 χρεωμένους

183 1900 307 1980 Μηδικῇ·
328 1900 392 1964 τούς
413 1900 443 1960 δὲ
464 1901 564 1964 ἵππους
585 1901 674 1962 αὐτῶν
692 1902 761 1962 εἶναι
777 1903 896 1966 λασίους
911 1901 986 1963 ἅπαν

181 1988 215 2049 τὰ
228 1993 312 2066 σῶμα
326 1989 372 2047 ε’πὶ
388 1990 471 2049 πέντε
485 1990 637 2053 δακτύλους
650 1989 682 2050 τδ
699 1990 792 2067 βάθος
807 1995 862 2050 τῶν
874 1995 986 2071 τριχῶν,

181 2077 298 2154 μικρούς
313 2078 342 2136 δέ
359 2079 405 2137 καὶ
421 2079 522 2154 σιμούς
537 2079 583 2137 καὶ
600 2078 750 2142 ἀδυνάτους
766 2078 866 2156 ἄνδρας
880 2080 985 2157 φέρειν·

182 2167 379 2247 ζευγνυμένους
393 2167 422 2226 δὲ
436 2166 481 2226 ὕπ’
495 2166 615 2244 ἅρματα,
631 2168 700 2228 εἶναι
716 2167 874 2238 ὀξυτάτους·
895 2167 984 2247 άρμα-

181 2256 328 2330 τηλατέειν
342 2255 370 2315 δὲ
386 2255 457 2333 πρός
469 2260 558 2318 ταῦτα
570 2255 634 2320 τούς
651 2258 823 2336 ἐπιχωρίους.
858 2257 985 2334 κατήκειν

182 2343 213 2402 δὲ
236 2344 341 2404 τούτων
364 2345 429 2408 τούς
451 2344 549 2423 οὔρους
570 2345 662 2427 α’γχοῦ
682 2345 800 2407 Ἐνετῶν
822 2351 878 2408 τῶν
899 2352 928 2408 έν
948 2350 987 2426 τῷ

182 2432 288 2512 Ἀδρίῃ·
318 2432 388 2494 εἶναι
410 2433 440 2492 δὲ
464 2433 568 2509 Μήδων
588 2435 682 2509 σφέας
702 2435 833 2499 αἶποίκους
857 2437 985 2517 λέγουσι.

183 2519 252 2584 ὅκως
266 2521 295 2580 δὲ
312 2519 388 2582 οὗτοι
402 2521 508 2597 Μήδων
521 2521 632 2581 ἄποικοι
645 2523 789 2604 γεγόνασι,
804 2523 858 2605 ε’γώ
871 2527 923 2601 μὲν
936 2523 986 2583 ούκ

183 2609 237 2688 ἔχω
254 2609 479 2688 ἐπιφράσασθαι·
500 2611 610 2692 γένοιτο
626 2610 648 2670 δ’
663 2609 696 2670 ἂν
714 2615 772 2672 πᾶν
789 2617 818 2672 έν
834 2615 873 2691 τῷ
888 2615 986 2691 μακρῷ

182 2697 284 2776 χρόνῳ.
312 2698 459 2778 (Σιγύννας
472 2697 494 2756 δ’
506 2697 543 2758 ὦν
553 2699 688 2759 καλέουσι
698 2700 799 2781 Λίγυες
809 2704 836 2759 οἱ
849 2699 904 2760 ἅνω
915 2700 984 2778 ύπὲρ

183 2786 360 2861 Μασσαλίης
374 2787 509 2849 οἰκέοντες
522 2785 587 2850 τούς
600 2787 752 2863 καπήλους·
775 2788 898 2864 Κύπριοι
911 2788 940 2846 δὲ
949 2786 985 2846 τά

182 2872 308 2955 δόρατα.)
349 2873 398 2936 Ὡς
422 2874 451 2933 δὲ
475 2873 592 2951 Θρήϊκες
612 2876 738 2956 λέγουσι,
760 2875 899 2951 μέλισσαι
923 2902 986 2935 κατ·
996 2877 1032 2936 10

183 2961 301 3040 έχουσαι
314 2961 350 3021 τά
363 2961 451 3040 πέρην
464 2966 514 3021 τοῦ
525 2961 641 3039 Ἴστρου
655 2967 720 3022 εἰσι·
739 2963 785 3022 καὶ
799 2961 853 3023 ύπδ
866 2963 986 3024 τουτέων

183 3047 233 3108 ούκ
256 3049 325 3109 εἶναι
346 3050 466 3109 διελθεῖν
489 3049 522 3110 τά
546 3051 724 3127 προσωτέρω.
768 3051 829 3127 ε’μοὶ
852 3051 905 3127 μέν
928 3077 984 3120 νυν,

181 3141 271 3198 ταῦτα
286 3137 417 3218 λέγοντες
433 3136 563 3197 δοκέουσι
580 3137 674 3217 λέγειν
687 3135 738 3195 ούκ
756 3137 861 3196 οἰκότα·
881 3137 917 3196 τά
930 3137 985 3216 γοῖρ

182 3226 240 3296 ζῶα
253 3229 342 3286 ταῦτα
356 3226 486 3302 φαίνεται
500 3225 570 3284 εἶναι
583 3223 712 3302 δύσριγα·
728 3223 807 3282 άλλά
820 3247 869 3297 μοι
881 3222 917 3280 τά
930 3220 985 3278 ύπὸ

182 3313 235 3390 τήν
244 3312 347 3392 α’ρκτον
356 3313 474 3389 άοίκητα
484 3311 574 3370 δοκέει
587 3310 656 3368 εἶναι
666 3308 711 3366 διά
725 3307 760 3366 τά
771 3307 871 3383 ψύχεα.
898 3309 986 3364 ταῦτα
