2282 3550
185 131 232 179 230
488 131 673 180 ἨΡΟΔΟΤΟΤ
887 132 979 193 [VIII.

184 209 250 269 ἀλλ’
263 209 295 270 ού
315 209 454 288 χρήματα,
476 208 539 268 ούτε
558 209 695 289 ἠνέσχετο
715 215 804 291 σιγιῦν
825 211 886 271 εἶπέ
904 239 935 272 τε
956 219 984 278 ἐς

184 298 289 362 πάντας
306 297 381 357 τάδε·
403 299 529 368 ((ταπαῖ,
548 298 697 375 Μαρδόνιε,
717 300 806 363 κοίους
824 299 866 359 ἐπ’
884 300 985 377 ἀνδρας

184 385 286 466 ἤγαγες
307 387 521 464 μαχησομένους
536 385 632 462 ἡμέας,
650 386 677 446 οἳ
698 385 731 446 ού
752 388 816 464 περὶ
833 388 985 466 χρημάτων

183 473 232 533 τάν
255 478 349 554 αγιῦνα
371 478 522 545 ποιεῦνται,
547 473 625 533 ἀλλά
647 475 711 551 περὶ
733 474 858 554 ἀρετῆς.”
897 477 986 558 τούτῳ

183 564 235 639 μέν
248 561 282 637 δή
296 566 383 622 ταῦτα
398 562 500 640 εἴρητο.

138 653 174 710 27
224 649 273 709 Ἐν
286 650 315 710 δὲ
328 654 367 730 τῷ
380 650 425 710 διά
440 651 531 727 μέσου
549 649 648 730 χρόνῳ,
667 651 729 710 ἐπεί
739 677 770 710 τε
785 651 818 712 τά
837 657 866 714 ἐν
880 660 987 732 Θερμο-

185 738 293 818 πύλῃσι
306 743 402 816 τρῶμα
418 739 550 820 ἐγεγόνεε,
566 737 665 798 αὐτίκα
677 741 826 800 Θεσσαλοὶ
842 743 988 818 πέμπουσι

185 826 290 902 κήρυκα
303 831 330 889 ἐς
343 828 461 896 Φωκέας,
476 825 524 887 άτε
538 835 595 903 σφι
609 828 748 906 ἐνέχοντες
761 829 814 887 αἰεὶ
826 829 916 907 χόλον
929 829 987 891 ἀπὸ

185 919 215 979 δὲ
226 919 276 974 τοῦ
289 915 411 975 ύστάτου
424 915 567 992 τρώματος
580 917 626 974 καὶ
644 915 676 974 τά
695 915 792 992 κάρτα·
814 917 987 992 ἐσβαλόντες

186 1002 240 1084 γάρ
258 1007 434 1081 πανστρατιῇ
454 1002 536 1062 αύτοί
552 1025 584 1062 τε
601 1006 627 1062 οἱ
643 1005 790 1063 Θεσσαλοὶ
809 1006 854 1063 καὶ
871 1008 897 1064 οἶ
914 1005 987 1082 σύμ-

184 1117 272 1171 μαχοι
297 1090 387 1150 αύτῶν
414 1096 442 1154 ἐς
467 1090 531 1154 τοῦς
552 1092 671 1162 Φωκέας,
693 1090 726 1150 ού
752 1097 889 1152 πολλοῖσι
911 1095 988 1154 ἐτεσι

185 1180 321 1257 πρότερον
343 1179 444 1254 ταύτης
467 1183 517 1255 τῆς
540 1179 680 1255 βασιλέος
700 1181 918 1256 στρατηλασίης,
940 1185 987 1240 έσ-

185 1267 320 1344 σάθησαν
328 1267 382 1328 ῦπά
396 1272 451 1327 τῶν
461 1268 574 1327 Φωκέων
589 1267 634 1326 καὶ
647 1268 842 1344 περιέφθησαν
855 1270 986 1347 τρηχέως·

186 1356 248 1414 ἐπεί
268 1382 298 1415 τε
321 1355 377 1436 γάρ
402 1355 609 1432 κατειλήθησαν
634 1360 661 1418 ἐς
682 1354 732 1414 τάν
759 1357 934 1432 Παρνησσάν
959 1361 988 1417 οἱ

186 1446 292 1506 Φωκέες
305 1446 415 1522 ἔχοντες
428 1443 527 1520 μάντιν
537 1445 660 1519 Τελλίην
671 1443 721 1503 τάν
733 1442 855 1517 Ἠλεῖον,
868 1446 988 1505 ἐνθαῦτα

186 1529 333 1606 ἀΤελλίης
347 1529 428 1594 οἶτος
441 1532 588 1607 σοφίζεται
601 1530 712 1591 αύτοῖσι
724 1531 839 1592 τοιόνδε·
853 1533 988 1613 γυψιίσας

186 1617 286 1695 ἄνδρας
320 1619 482 1688 ἑξακοσίους
514 1624 570 1680 τῶν
603 1622 717 1679 Φωκέων
749 1621 814 1684 τοῦς
844 1619 988 1697 ἀρίστους,

186 1705 286 1770 αύτούς
298 1733 329 1767 τε
341 1707 455 1771 τούτους
470 1709 515 1766 καὶ
528 1707 564 1767 τά
578 1707 654 1768 ὅπλα
668 1706 765 1778 αύτιῦν,
780 1708 876 1772 νυκτάς
889 1710 988 1786 ἐπεθή-

186 1821 254 1856 κατο
275 1799 352 1856 τοῖσι
376 1800 564 1856 Θεσσαλοῖσι·
595 1797 730 1873 προείπας
751 1796 870 1867 αύτοῖσι,
888 1797 938 1856 τάν
953 1797 989 1859 ἂν

186 1884 226 1960 μή
240 1885 452 1955 λευκανθίζοντα
471 1885 581 1944 ἴδωνται
598 1888 698 1944 τοῦτον
711 1885 833 1944 κτείνειν.
874 1885 989 1951 τούτους

187 1971 223 2033 ὧν
244 1974 276 2032 αἶ
294 1999 325 2033 τε
346 1974 472 2049 φυλακαὶ
493 1977 547 2032 τῶν
567 1977 726 2032 Θεσσαλῶν
749 1977 857 2050 πρῶται
878 1973 990 2035 ἰδοῦσαι

187 2061 375 2138 ἐφοβήθησαν
391 2060 510 2130 δόξασαι
526 2059 600 2118 ἀλλο
618 2086 645 2119 τι
665 2059 734 2120 εἶναι
751 2061 839 2138 τέρας,
855 2062 901 2120 καὶ
915 2063 990 2138 μετὰ

187 2148 235 2211 τοὶς
253 2149 381 2225 φυλακὰς
398 2148 468 2225 αὕτη
486 2148 504 2224 ἡ
523 2148 650 2226 στρατιὴ,
665 2147 735 2207 οὕτω
754 2148 826 2208 ὥστε
843 2175 989 2226 τετρακισ-

186 2237 284 2312 χιλίων
306 2240 444 2312 κρατῆσαι
461 2241 562 2314 νεκρῶν
579 2237 624 2296 καὶ
643 2235 768 2296 ἀσπίδων
788 2238 907 2300 Φωκέας·
933 2243 990 2299 τῶν

186 2323 236 2386 τάς
248 2327 300 2400 μὲν
313 2323 432 2400 ἡμισέας
451 2331 478 2388 ἐς
489 2324 584 2400 Ἀβας
602 2324 746 2395 ἀνέθεσαν,
760 2325 810 2388 τάς
827 2326 856 2384 δέ
874 2331 902 2390 ἐς
915 2332 989 2386 Δελ-

187 2410 267 2486 φούς·
288 2411 307 2487 ἡ
321 2412 350 2470 δὲ
368 2412 468 2489 δεκάτη
483 2415 591 2493 ἐγένετο
604 2417 658 2472 τῶν
670 2413 821 2492 χρημάτων
839 2419 869 2473 ἐκ
887 2414 989 2490 ταύτης

186 2504 236 2575 τῆς
247 2499 340 2579 μάχης
353 2503 380 2558 οἱ
392 2501 512 2581 μεγάλοι
526 2500 683 2577 ἀνδριάντες
696 2504 723 2560 οἶ
736 2502 799 2578 περὶ
812 2501 861 2561 τάν
870 2503 990 2578 τρίποδα
1020 2545 1026 2548 -

187 2593 379 2658 συνεστεῶτες,
401 2590 543 2667 ἔμπροσθε
564 2593 614 2648 τοῦ
633 2593 700 2666 νηοῦ
717 2593 768 2649 τοῦ
786 2595 815 2649 ἐν
833 2593 989 2665 Δελφοῖσι·

140 2678 178 2735 28
187 2677 233 2735 καὶ
260 2678 348 2755 ἕτεροι
373 2681 495 2737 τοιοῦτοι
516 2683 545 2737 ἐν
560 2677 673 2757 Ἀβησι
696 2677 852 2737 ἀνακέαται.
894 2683 990 2738 Ταῦτα

186 2767 237 2842 μέν
262 2792 309 2826 νυν
331 2765 381 2825 τᾶν
404 2765 489 2836 πεζὸν
516 2765 671 2848 ἐργάσαντο
695 2770 750 2825 τῶν
777 2770 935 2828 Θεσσαλῶν
962 2773 991 2827 οἱ

187 2855 301 2923 Φωκέες,
322 2854 537 2932 πολιορκέοντας
559 2854 682 2918 ἑωυτούς·
704 2856 889 2931 ἐσβαλοῦσαν
910 2855 940 2914 δέ
961 2860 990 2920 ἐς

186 2941 238 3015 τὴν
250 2941 343 3018 χάρην
355 2942 407 3017 τὴν
424 2943 509 3002 ἵππον
522 2942 611 3001 αύτιῦν
630 2942 802 3021 ἐλυμήναντο
821 2942 990 3018 ἀνηκέστως·

188 3031 216 3086 ἐν
228 3028 283 3106 γάρ
296 3033 331 3106 τῇ
346 3031 459 3107 ἐσβολῇ
475 3028 493 3104 ἥ
512 3035 573 3089 ἐστι
593 3029 662 3089 κατά
678 3029 844 3108 Ὑάμπολιν,
859 3035 889 3090 ἐν
901 3031 992 3112 ταύτῃ

186 3113 296 3189 τάφρον
321 3116 450 3196 μεγάλην
476 3115 629 3192 ὀρύξαντες,
657 3117 803 3195 ἀμφορέας
830 3119 935 3183 κεινοῦς
961 3127 992 3186 ἐς

187 3199 272 3274 αύτὴν
286 3203 448 3276 κατέθηκαν·
468 3207 538 3280 χοῦν
551 3204 580 3262 δὲ
594 3205 817 3282 ἐπιφορήσαντες
830 3207 877 3265 καὶ
889 3206 992 3284 ὁμοιαί·

184 3309 287 3353 ,σαντες
310 3292 348 3365 τῷ
370 3288 449 3367 ἄλλῳ
472 3289 560 3368 χοίρῳ,
585 3291 710 3352 ἐδέκοντο
733 3293 798 3358 τοῦς
820 3297 993 3362 Θεσσαλοῦς
