<?xml version="1.0" encoding="UTF-8"?>
<!DOCTYPE html PUBLIC "-//W3C//DTD XHTML 1.0 Transitional//EN"
    "http://www.w3.org/TR/xhtml1/DTD/xhtml1-transitional.dtd">
<html xmlns="http://www.w3.org/1999/xhtml" xml:lang="en" lang="en">
 <head>
  <title>
</title>
<meta http-equiv="Content-Type" content="text/html;charset=utf-8" />
  <meta name='ocr-system' content='tesseract 3.04.00' />
  <meta name='ocr-capabilities' content='ocr_page ocr_carea ocr_par ocr_line ocrx_word'/>
</head>
<body>
  <div class='ocr_page' id='page_1' title='image "./herodotusrecens00blakgoog_0157.png"; bbox 0 0 2276 3554; ppageno 0'>
   <div class='ocr_carea' id='block_1_1' title="bbox 162 141 1012 1265">
    <p class='ocr_par' dir='ltr' id='par_1_1' title="bbox 162 141 1012 1265">
     <span class='ocr_line' id='line_1_1' title="bbox 166 141 960 205; baseline -0.006 -13"><span class='ocrx_word' id='word_1_1' title='bbox 166 142 278 205; x_wconf 81' lang='grc'>61-67]</span> <span class='ocrx_word' id='word_1_2' title='bbox 470 141 655 196; x_wconf 77' lang='grc' dir='ltr'>ΠΟΔΤΜΜῙΔ.</span> <span class='ocrx_word' id='word_1_3' title='bbox 914 141 960 187; x_wconf 72' lang='grc'>149</span> 
     </span>
     <span class='ocr_line' id='line_1_2' title="bbox 164 218 965 297; baseline -0.004 -17"><span class='ocrx_word' id='word_1_4' title='bbox 164 220 181 280; x_wconf 85' lang='grc' dir='ltr'>ά</span> <span class='ocrx_word' id='word_1_5' title='bbox 204 219 334 295; x_wconf 80' lang='grc' dir='ltr'><em>Ὀτάνεω,</em></span> <span class='ocrx_word' id='word_1_6' title='bbox 368 219 510 297; x_wconf 82' lang='grc' dir='ltr'>Ὑρκάνιοι</span> <span class='ocrx_word' id='word_1_7' title='bbox 532 220 561 278; x_wconf 81' lang='grc' dir='ltr'>δὲ</span> <span class='ocrx_word' id='word_1_8' title='bbox 585 220 707 296; x_wconf 77' lang='grc' dir='ltr'>κατάπερ</span> <span class='ocrx_word' id='word_1_9' title='bbox 730 220 842 296; x_wconf 81' lang='grc' dir='ltr'>Πέρσαι</span> <span class='ocrx_word' id='word_1_10' title='bbox 865 218 965 278; x_wconf 88' lang='grc' dir='ltr'>ἐσεσά-</span> 
     </span>
     <span class='ocr_line' id='line_1_3' title="bbox 162 306 963 388; baseline -0.002 -22"><span class='ocrx_word' id='word_1_11' title='bbox 162 334 245 386; x_wconf 88' lang='grc' dir='ltr'>χατο,</span> <span class='ocrx_word' id='word_1_12' title='bbox 260 306 385 388; x_wconf 77' lang='grc' dir='ltr'>ἡγεμόνα</span> <span class='ocrx_word' id='word_1_13' title='bbox 402 307 590 386; x_wconf 80' lang='grc' dir='ltr'>παρεχόμενοι</span> <span class='ocrx_word' id='word_1_14' title='bbox 609 306 781 388; x_wconf 77' lang='grc' dir='ltr'>Μεγάπανον</span> <span class='ocrx_word' id='word_1_15' title='bbox 801 306 852 366; x_wconf 82' lang='grc' dir='ltr'>τόν</span> <span class='ocrx_word' id='word_1_16' title='bbox 870 308 963 382; x_wconf 82' lang='grc' dir='ltr'>Βαβυ-</span> 
     </span>
     <span class='ocr_line' id='line_1_4' title="bbox 162 394 1012 472; baseline -0.002 -18"><span class='ocrx_word' id='word_1_17' title='bbox 162 399 254 459; x_wconf 83' lang='grc' dir='ltr'>λῶνος</span> <span class='ocrx_word' id='word_1_18' title='bbox 270 395 389 472; x_wconf 83' lang='grc' dir='ltr'>ὕστερον</span> <span class='ocrx_word' id='word_1_19' title='bbox 408 395 511 455; x_wconf 85' lang='grc' dir='ltr'>τούτων</span> <span class='ocrx_word' id='word_1_20' title='bbox 525 395 773 472; x_wconf 77' lang='grc' dir='ltr'>ἐπιτροπαύσαντα.</span> <span class='ocrx_word' id='word_1_21' title='bbox 814 394 962 471; x_wconf 83' lang='grc' dir='ltr'>Ἀσσύριοι</span> <span class='ocrx_word' id='word_1_22' title='bbox 974 396 1012 452; x_wconf 87' lang='grc'>63</span> 
     </span>
     <span class='ocr_line' id='line_1_5' title="bbox 163 483 963 563; baseline 0 -21"><span class='ocrx_word' id='word_1_23' title='bbox 163 483 194 542; x_wconf 88' lang='grc' dir='ltr'>δέ</span> <span class='ocrx_word' id='word_1_24' title='bbox 207 483 422 560; x_wconf 86' lang='grc' dir='ltr'>στρατευόμενοι</span> <span class='ocrx_word' id='word_1_25' title='bbox 436 484 500 560; x_wconf 86' lang='grc' dir='ltr'>περὶ</span> <span class='ocrx_word' id='word_1_26' title='bbox 510 486 561 559; x_wconf 83' lang='grc' dir='ltr'>μὲν</span> <span class='ocrx_word' id='word_1_27' title='bbox 571 487 640 563; x_wconf 78' lang='grc' dir='ltr'>τῇσι</span> <span class='ocrx_word' id='word_1_28' title='bbox 654 487 799 562; x_wconf 77' lang='grc' dir='ltr'>κεφαλῇσι</span> <span class='ocrx_word' id='word_1_29' title='bbox 810 483 886 562; x_wconf 85' lang='grc' dir='ltr'>εἶχον</span> <span class='ocrx_word' id='word_1_30' title='bbox 895 483 963 561; x_wconf 89' lang='grc' dir='ltr'>χάλ-</span> 
     </span>
     <span class='ocr_line' id='line_1_6' title="bbox 163 570 961 652; baseline -0.001 -22"><span class='ocrx_word' id='word_1_31' title='bbox 163 570 215 630; x_wconf 90' lang='grc' dir='ltr'>κεά</span> <span class='ocrx_word' id='word_1_32' title='bbox 227 597 259 631; x_wconf 89' lang='grc' dir='ltr'>τε</span> <span class='ocrx_word' id='word_1_33' title='bbox 273 571 372 648; x_wconf 78' lang='grc' dir='ltr'>κράνεα</span> <span class='ocrx_word' id='word_1_34' title='bbox 387 573 433 630; x_wconf 79' lang='grc' dir='ltr'>καὶ</span> <span class='ocrx_word' id='word_1_35' title='bbox 445 572 627 652; x_wconf 74' lang='grc' dir='ltr'>πεπλεγμένα</span> <span class='ocrx_word' id='word_1_36' title='bbox 642 570 748 648; x_wconf 87' lang='grc' dir='ltr'>τρόπον</span> <span class='ocrx_word' id='word_1_37' title='bbox 767 571 830 630; x_wconf 82' lang='grc' dir='ltr'>τινά</span> <span class='ocrx_word' id='word_1_38' title='bbox 850 571 961 647; x_wconf 82' lang='grc' dir='ltr'>βάρβα-</span> 
     </span>
     <span class='ocr_line' id='line_1_7' title="bbox 163 658 965 740; baseline -0.004 -21"><span class='ocrx_word' id='word_1_39' title='bbox 163 685 215 737; x_wconf 92' lang='grc' dir='ltr'>ρον</span> <span class='ocrx_word' id='word_1_40' title='bbox 238 659 289 719; x_wconf 87' lang='grc' dir='ltr'>ούκ</span> <span class='ocrx_word' id='word_1_41' title='bbox 314 659 503 740; x_wconf 72' lang='grc' dir='ltr'>εὐαπήγητον·</span> <span class='ocrx_word' id='word_1_42' title='bbox 531 659 653 722; x_wconf 78' lang='grc' dir='ltr'>ἀσπίδας</span> <span class='ocrx_word' id='word_1_43' title='bbox 674 659 704 718; x_wconf 83' lang='grc' dir='ltr'>δέ</span> <span class='ocrx_word' id='word_1_44' title='bbox 727 660 772 717; x_wconf 89' lang='grc' dir='ltr'>καὶ</span> <span class='ocrx_word' id='word_1_45' title='bbox 794 659 896 736; x_wconf 79' lang='grc' dir='ltr'>αἰχμάς</span> <span class='ocrx_word' id='word_1_46' title='bbox 920 658 965 717; x_wconf 88' lang='grc' dir='ltr'>καὶ</span> 
     </span>
     <span class='ocr_line' id='line_1_8' title="bbox 164 746 965 828; baseline 0 -22"><span class='ocrx_word' id='word_1_47' title='bbox 164 747 316 828; x_wconf 75' lang='grc' dir='ltr'>ἐγχειρίδια</span> <span class='ocrx_word' id='word_1_48' title='bbox 329 746 518 824; x_wconf 88' lang='grc' dir='ltr'>παραπλήσια</span> <span class='ocrx_word' id='word_1_49' title='bbox 529 751 598 826; x_wconf 77' lang='grc' dir='ltr'>τῇσι</span> <span class='ocrx_word' id='word_1_50' title='bbox 612 748 783 828; x_wconf 78' lang='grc' dir='ltr'>Αἰγιππίῃσι</span> <span class='ocrx_word' id='word_1_51' title='bbox 797 746 882 825; x_wconf 83' lang='grc' dir='ltr'>εἶχον·</span> <span class='ocrx_word' id='word_1_52' title='bbox 896 746 965 822; x_wconf 80' lang='grc' dir='ltr'>πρός</span> 
     </span>
     <span class='ocr_line' id='line_1_9' title="bbox 164 834 966 914; baseline 0.001 -21"><span class='ocrx_word' id='word_1_53' title='bbox 164 835 203 904; x_wconf 86' lang='grc' dir='ltr'>δέ,</span> <span class='ocrx_word' id='word_1_54' title='bbox 224 835 338 912; x_wconf 83' lang='grc' dir='ltr'>ῥόπαλα</span> <span class='ocrx_word' id='word_1_55' title='bbox 361 834 451 904; x_wconf 75' lang='grc' dir='ltr'>ξύλων</span> <span class='ocrx_word' id='word_1_56' title='bbox 472 836 654 912; x_wconf 43' lang='grc' dir='ltr'>τετυλωμένα.</span> <span class='ocrx_word' id='word_1_57' title='bbox 672 835 777 914; x_wconf 75' lang='grc' dir='ltr'>σιδήρῳ</span> <span class='ocrx_word' id='word_1_58' title='bbox 796 835 841 892; x_wconf 85' lang='grc' dir='ltr'>καὶ</span> <span class='ocrx_word' id='word_1_59' title='bbox 859 835 966 898; x_wconf 81' lang='grc' dir='ltr'>λινέους</span> 
     </span>
     <span class='ocr_line' id='line_1_10' title="bbox 165 920 965 1000; baseline 0 -19"><span class='ocrx_word' id='word_1_60' title='bbox 165 921 300 1000; x_wconf 76' lang='grc' dir='ltr'>θώρηκας·</span> <span class='ocrx_word' id='word_1_61' title='bbox 329 920 406 984; x_wconf 80' lang='grc' dir='ltr'>οὗτοι</span> <span class='ocrx_word' id='word_1_62' title='bbox 433 924 462 983; x_wconf 82' lang='grc' dir='ltr'>δέ</span> <span class='ocrx_word' id='word_1_63' title='bbox 488 923 542 983; x_wconf 77' lang='grc' dir='ltr'>ὑπό</span> <span class='ocrx_word' id='word_1_64' title='bbox 570 926 621 1000; x_wconf 85' lang='grc' dir='ltr'>μὲν</span> <span class='ocrx_word' id='word_1_65' title='bbox 646 923 791 998; x_wconf 83' lang='grc' dir='ltr'>Ἑλλήνιον</span> <span class='ocrx_word' id='word_1_66' title='bbox 818 923 965 982; x_wconf 77' lang='grc' dir='ltr'>ἐκαλέοντο</span> 
     </span>
     <span class='ocr_line' id='line_1_11' title="bbox 165 1010 965 1089; baseline -0.004 -15"><span class='ocrx_word' id='word_1_67' title='bbox 165 1011 270 1087; x_wconf 73' lang='grc' dir='ltr'>Σύριοι,</span> <span class='ocrx_word' id='word_1_68' title='bbox 284 1011 338 1071; x_wconf 80' lang='grc' dir='ltr'>ύπδ</span> <span class='ocrx_word' id='word_1_69' title='bbox 353 1011 382 1070; x_wconf 83' lang='grc' dir='ltr'>δὲ</span> <span class='ocrx_word' id='word_1_70' title='bbox 396 1011 619 1089; x_wconf 79' lang='grc' dir='ltr'>τῶνβαρβάρων</span> <span class='ocrx_word' id='word_1_71' title='bbox 632 1011 781 1088; x_wconf 81' lang='grc' dir='ltr'>Ἀσσύριοι</span> <span class='ocrx_word' id='word_1_72' title='bbox 794 1010 965 1086; x_wconf 88' lang='grc' dir='ltr'>ἐκλήθησαν·</span> 
     </span>
     <span class='ocr_line' id='line_1_12' title="bbox 163 1097 966 1178; baseline 0 -21"><span class='ocrx_word' id='word_1_73' title='bbox 163 1099 269 1158; x_wconf 86' lang='grc' dir='ltr'>τούτων</span> <span class='ocrx_word' id='word_1_74' title='bbox 289 1100 319 1158; x_wconf 80' lang='grc' dir='ltr'>δὲ</span> <span class='ocrx_word' id='word_1_75' title='bbox 339 1099 451 1176; x_wconf 78' lang='grc' dir='ltr'>μεταξύ,</span> <span class='ocrx_word' id='word_1_76' title='bbox 467 1100 615 1158; x_wconf 85' lang='grc' dir='ltr'>Χαλδαῖοι·</span> <span class='ocrx_word' id='word_1_77' title='bbox 636 1098 706 1178; x_wconf 84' lang='grc' dir='ltr'>ἦρχε</span> <span class='ocrx_word' id='word_1_78' title='bbox 727 1099 758 1158; x_wconf 88' lang='grc' dir='ltr'>δέ</span> <span class='ocrx_word' id='word_1_79' title='bbox 774 1105 872 1174; x_wconf 89' lang='grc' dir='ltr'>σφεων</span> <span class='ocrx_word' id='word_1_80' title='bbox 884 1097 966 1157; x_wconf 91' lang='grc' dir='ltr'>Ὀτά-</span> 
     </span>
     <span class='ocr_line' id='line_1_13' title="bbox 165 1187 477 1265; baseline -0.016 -15"><span class='ocrx_word' id='word_1_81' title='bbox 165 1211 243 1262; x_wconf 80' lang='grc' dir='ltr'>σπης</span> <span class='ocrx_word' id='word_1_82' title='bbox 263 1187 278 1247; x_wconf 84' lang='grc' dir='ltr'>ὁ</span> <span class='ocrx_word' id='word_1_83' title='bbox 299 1187 477 1265; x_wconf 86' lang='grc' dir='ltr'>Ἀρταχαίου.</span> 
     </span>
    </p>
   </div>
   <div class='ocr_carea' id='block_1_2' title="bbox 163 1273 1013 1709">
    <p class='ocr_par' dir='ltr' id='par_1_2' title="bbox 163 1273 1013 1709">
     <span class='ocr_line' id='line_1_14' title="bbox 207 1273 1013 1354; baseline -0.001 -20"><span class='ocrx_word' id='word_1_84' title='bbox 207 1274 340 1351; x_wconf 86' lang='grc' dir='ltr'>Βάκτριοι</span> <span class='ocrx_word' id='word_1_85' title='bbox 362 1275 392 1334; x_wconf 84' lang='grc' dir='ltr'>δέ</span> <span class='ocrx_word' id='word_1_86' title='bbox 412 1276 476 1351; x_wconf 85' lang='grc' dir='ltr'>περὶ</span> <span class='ocrx_word' id='word_1_87' title='bbox 496 1277 548 1351; x_wconf 78' lang='grc' dir='ltr'>μὲν</span> <span class='ocrx_word' id='word_1_88' title='bbox 568 1280 637 1354; x_wconf 78' lang='grc' dir='ltr'>τῇσι</span> <span class='ocrx_word' id='word_1_89' title='bbox 657 1277 801 1354; x_wconf 79' lang='grc' dir='ltr'>κεφαλῇσι</span> <span class='ocrx_word' id='word_1_90' title='bbox 821 1273 965 1354; x_wconf 86' lang='grc' dir='ltr'>άγχότατα</span> <span class='ocrx_word' id='word_1_91' title='bbox 975 1277 1013 1333; x_wconf 85' lang='grc'>64</span> 
     </span>
     <span class='ocr_line' id='line_1_15' title="bbox 163 1361 965 1443; baseline -0.001 -20"><span class='ocrx_word' id='word_1_92' title='bbox 163 1366 221 1423; x_wconf 77' lang='grc' dir='ltr'>τῶν</span> <span class='ocrx_word' id='word_1_93' title='bbox 238 1365 372 1440; x_wconf 78' lang='grc' dir='ltr'>Μηδικῶν</span> <span class='ocrx_word' id='word_1_94' title='bbox 393 1365 501 1443; x_wconf 80' lang='grc' dir='ltr'>ἔχοντες</span> <span class='ocrx_word' id='word_1_95' title='bbox 520 1363 726 1439; x_wconf 88' lang='grc' dir='ltr'>ἐστρατεύοντο,</span> <span class='ocrx_word' id='word_1_96' title='bbox 745 1361 814 1432; x_wconf 83' lang='grc' dir='ltr'>τόξα</span> <span class='ocrx_word' id='word_1_97' title='bbox 832 1362 861 1421; x_wconf 80' lang='grc' dir='ltr'>δὲ</span> <span class='ocrx_word' id='word_1_98' title='bbox 880 1362 965 1422; x_wconf 89' lang='grc' dir='ltr'>καλά-</span> 
     </span>
     <span class='ocr_line' id='line_1_16' title="bbox 164 1449 966 1532; baseline -0.002 -21"><span class='ocrx_word' id='word_1_99' title='bbox 164 1477 233 1528; x_wconf 89' lang='grc' dir='ltr'>μινα</span> <span class='ocrx_word' id='word_1_100' title='bbox 254 1453 389 1530; x_wconf 86' lang='grc' dir='ltr'>ἐπιχιόρια</span> <span class='ocrx_word' id='word_1_101' title='bbox 409 1453 455 1510; x_wconf 86' lang='grc' dir='ltr'>καὶ</span> <span class='ocrx_word' id='word_1_102' title='bbox 476 1451 579 1531; x_wconf 85' lang='grc' dir='ltr'>αἰχμάς</span> <span class='ocrx_word' id='word_1_103' title='bbox 596 1453 730 1530; x_wconf 86' lang='grc' dir='ltr'>βραχέας.</span> <span class='ocrx_word' id='word_1_104' title='bbox 773 1450 862 1516; x_wconf 82' lang='grc' dir='ltr'>Σάκαι</span> <span class='ocrx_word' id='word_1_105' title='bbox 880 1451 909 1510; x_wconf 84' lang='grc' dir='ltr'>δὲ</span> <span class='ocrx_word' id='word_1_106' title='bbox 927 1449 966 1532; x_wconf 81' lang='grc' dir='ltr'>[οἱ</span> 
     </span>
     <span class='ocr_line' id='line_1_17' title="bbox 165 1537 966 1622; baseline 0 -24"><span class='ocrx_word' id='word_1_107' title='bbox 165 1539 284 1622; x_wconf 80' lang='grc' dir='ltr'>Σκύθαι]</span> <span class='ocrx_word' id='word_1_108' title='bbox 300 1541 363 1617; x_wconf 83' lang='grc' dir='ltr'>περὶ</span> <span class='ocrx_word' id='word_1_109' title='bbox 383 1543 434 1616; x_wconf 82' lang='grc' dir='ltr'>μὲν</span> <span class='ocrx_word' id='word_1_110' title='bbox 453 1544 521 1618; x_wconf 81' lang='grc' dir='ltr'>τῇσι</span> <span class='ocrx_word' id='word_1_111' title='bbox 542 1544 685 1618; x_wconf 79' lang='grc' dir='ltr'>κεφαλῇσι</span> <span class='ocrx_word' id='word_1_112' title='bbox 706 1540 863 1616; x_wconf 75' lang='grc' dir='ltr'>κυρβασίας</span> <span class='ocrx_word' id='word_1_113' title='bbox 877 1543 904 1600; x_wconf 87' lang='grc' dir='ltr'>ἐς</span> <span class='ocrx_word' id='word_1_114' title='bbox 916 1537 966 1608; x_wconf 76' lang='grc' dir='ltr'>ὀξύ</span> 
     </span>
     <span class='ocr_line' id='line_1_18' title="bbox 165 1626 964 1709; baseline -0.004 -21"><span class='ocrx_word' id='word_1_115' title='bbox 165 1626 321 1709; x_wconf 87' lang='grc' dir='ltr'>άπιγμένας</span> <span class='ocrx_word' id='word_1_116' title='bbox 346 1627 431 1705; x_wconf 83' lang='grc' dir='ltr'>ὀρθάς</span> <span class='ocrx_word' id='word_1_117' title='bbox 456 1627 533 1706; x_wconf 86' lang='grc' dir='ltr'>εἶχον</span> <span class='ocrx_word' id='word_1_118' title='bbox 558 1629 720 1708; x_wconf 78' lang='grc' dir='ltr'>πεπηγυίας,</span> <span class='ocrx_word' id='word_1_119' title='bbox 749 1627 911 1704; x_wconf 64' lang='grc' dir='ltr'>α’ναξιριδας</span> <span class='ocrx_word' id='word_1_120' title='bbox 934 1627 964 1686; x_wconf 80' lang='grc' dir='ltr'>δὲ</span> 
     </span>
    </p>
   </div>
   <div class='ocr_carea' id='block_1_3' title="bbox 160 1714 1013 3378">
    <p class='ocr_par' dir='ltr' id='par_1_3' title="bbox 160 1714 1013 3378">
     <span class='ocr_line' id='line_1_19' title="bbox 165 1714 966 1795; baseline -0.004 -20"><span class='ocrx_word' id='word_1_121' title='bbox 165 1716 354 1776; x_wconf 85' lang='grc' dir='ltr'>ἐνδεδύκεσαν·</span> <span class='ocrx_word' id='word_1_122' title='bbox 374 1715 443 1785; x_wconf 78' lang='grc' dir='ltr'>τόξα</span> <span class='ocrx_word' id='word_1_123' title='bbox 457 1715 486 1774; x_wconf 83' lang='grc' dir='ltr'>δέ</span> <span class='ocrx_word' id='word_1_124' title='bbox 499 1715 640 1795; x_wconf 89' lang='grc' dir='ltr'>ἐπιχιύρια,</span> <span class='ocrx_word' id='word_1_125' title='bbox 656 1716 701 1774; x_wconf 85' lang='grc' dir='ltr'>καὶ</span> <span class='ocrx_word' id='word_1_126' title='bbox 723 1715 881 1795; x_wconf 89' lang='grc' dir='ltr'>ἐγχειρίδια,</span> <span class='ocrx_word' id='word_1_127' title='bbox 896 1714 966 1791; x_wconf 81' lang='grc' dir='ltr'>πρός</span> 
     </span>
     <span class='ocr_line' id='line_1_20' title="bbox 165 1801 964 1884; baseline 0.001 -21"><span class='ocrx_word' id='word_1_128' title='bbox 165 1804 196 1863; x_wconf 83' lang='grc' dir='ltr'>δὲ</span> <span class='ocrx_word' id='word_1_129' title='bbox 220 1805 266 1862; x_wconf 88' lang='grc' dir='ltr'>καὶ</span> <span class='ocrx_word' id='word_1_130' title='bbox 289 1803 382 1874; x_wconf 83' lang='grc' dir='ltr'>άξίνας</span> <span class='ocrx_word' id='word_1_131' title='bbox 403 1803 522 1884; x_wconf 90' lang='grc' dir='ltr'>σαγάρις</span> <span class='ocrx_word' id='word_1_132' title='bbox 549 1804 637 1883; x_wconf 84' lang='grc' dir='ltr'>εἶχον·</span> <span class='ocrx_word' id='word_1_133' title='bbox 666 1803 790 1881; x_wconf 82' lang='grc' dir='ltr'>(τούτους</span> <span class='ocrx_word' id='word_1_134' title='bbox 814 1803 842 1861; x_wconf 83' lang='grc' dir='ltr'>δὲ</span> <span class='ocrx_word' id='word_1_135' title='bbox 870 1801 964 1865; x_wconf 85' lang='grc' dir='ltr'>ἐόντας</span> 
     </span>
     <span class='ocr_line' id='line_1_21' title="bbox 166 1891 965 1972; baseline -0.003 -22"><span class='ocrx_word' id='word_1_136' title='bbox 166 1891 277 1956; x_wconf 80' lang='grc' dir='ltr'>Σκύθας</span> <span class='ocrx_word' id='word_1_137' title='bbox 289 1892 455 1972; x_wconf 83' lang='grc' dir='ltr'>Ἀμυργίους</span> <span class='ocrx_word' id='word_1_138' title='bbox 475 1891 566 1956; x_wconf 87' lang='grc' dir='ltr'>Σάκας</span> <span class='ocrx_word' id='word_1_139' title='bbox 587 1892 711 1951; x_wconf 83' lang='grc' dir='ltr'>ἐκάλεον·</span> <span class='ocrx_word' id='word_1_140' title='bbox 733 1894 759 1950; x_wconf 83' lang='grc' dir='ltr'>οἶ</span> <span class='ocrx_word' id='word_1_141' title='bbox 777 1891 832 1972; x_wconf 81' lang='grc' dir='ltr'>γάρ</span> <span class='ocrx_word' id='word_1_142' title='bbox 853 1891 965 1968; x_wconf 84' lang='grc' dir='ltr'>Πέρσαι</span> 
     </span>
     <span class='ocr_line' id='line_1_22' title="bbox 164 1979 965 2058; baseline 0 -20"><span class='ocrx_word' id='word_1_143' title='bbox 164 1979 272 2042; x_wconf 86' lang='grc' dir='ltr'>πάντας</span> <span class='ocrx_word' id='word_1_144' title='bbox 294 1980 358 2043; x_wconf 77' lang='grc' dir='ltr'>τούς</span> <span class='ocrx_word' id='word_1_145' title='bbox 383 1979 492 2043; x_wconf 86' lang='grc' dir='ltr'>Σκύθας</span> <span class='ocrx_word' id='word_1_146' title='bbox 518 1981 652 2040; x_wconf 77' lang='grc' dir='ltr'>καλέουσι</span> <span class='ocrx_word' id='word_1_147' title='bbox 680 1979 795 2058; x_wconf 65' lang='grc' dir='ltr'>Σάκας)</span> <span class='ocrx_word' id='word_1_148' title='bbox 821 1979 965 2056; x_wconf 84' lang='grc' dir='ltr'>Βακτρίων</span> 
     </span>
     <span class='ocr_line' id='line_1_23' title="bbox 164 2066 963 2146; baseline 0 -20"><span class='ocrx_word' id='word_1_149' title='bbox 164 2067 196 2126; x_wconf 84' lang='grc' dir='ltr'>δέ</span> <span class='ocrx_word' id='word_1_150' title='bbox 217 2068 263 2125; x_wconf 84' lang='grc' dir='ltr'>καὶ</span> <span class='ocrx_word' id='word_1_151' title='bbox 284 2069 394 2132; x_wconf 85' lang='grc' dir='ltr'>Σακέων</span> <span class='ocrx_word' id='word_1_152' title='bbox 411 2067 482 2146; x_wconf 81' lang='grc' dir='ltr'>ἦρχε</span> <span class='ocrx_word' id='word_1_153' title='bbox 496 2067 670 2144; x_wconf 80' lang='grc' dir='ltr'>Ὑστάσπης,</span> <span class='ocrx_word' id='word_1_154' title='bbox 692 2066 708 2128; x_wconf 86' lang='grc' dir='ltr'>ό</span> <span class='ocrx_word' id='word_1_155' title='bbox 728 2067 848 2143; x_wconf 86' lang='grc' dir='ltr'>Δαρείου</span> <span class='ocrx_word' id='word_1_156' title='bbox 865 2092 896 2126; x_wconf 93' lang='grc' dir='ltr'>τε</span> <span class='ocrx_word' id='word_1_157' title='bbox 918 2067 963 2126; x_wconf 82' lang='grc' dir='ltr'>καὶ</span> 
     </span>
     <span class='ocr_line' id='line_1_24' title="bbox 163 2155 1013 2232; baseline 0 -18"><span class='ocrx_word' id='word_1_158' title='bbox 163 2155 308 2232; x_wconf 85' lang='grc' dir='ltr'>Ἀτόσσης</span> <span class='ocrx_word' id='word_1_159' title='bbox 327 2160 377 2232; x_wconf 81' lang='grc' dir='ltr'>τῆς</span> <span class='ocrx_word' id='word_1_160' title='bbox 399 2155 503 2232; x_wconf 86' lang='grc' dir='ltr'>Κύρου.</span> <span class='ocrx_word' id='word_1_161' title='bbox 544 2155 626 2215; x_wconf 81' lang='grc' dir='ltr'>Ἰνδοὶ</span> <span class='ocrx_word' id='word_1_162' title='bbox 648 2155 677 2214; x_wconf 85' lang='grc' dir='ltr'>δέ</span> <span class='ocrx_word' id='word_1_163' title='bbox 700 2155 799 2231; x_wconf 81' lang='grc' dir='ltr'>εἵματα</span> <span class='ocrx_word' id='word_1_164' title='bbox 819 2158 870 2231; x_wconf 81' lang='grc' dir='ltr'>μὲν</span> <span class='ocrx_word' id='word_1_165' title='bbox 893 2155 962 2214; x_wconf 83' lang='grc' dir='ltr'>ἐνδε-</span> <span class='ocrx_word' id='word_1_166' title='bbox 975 2157 1013 2214; x_wconf 84' lang='grc'>65</span> 
     </span>
     <span class='ocr_line' id='line_1_25' title="bbox 164 2241 965 2320; baseline -0.001 -17"><span class='ocrx_word' id='word_1_167' title='bbox 164 2242 277 2307; x_wconf 84' lang='grc' dir='ltr'>δυκότες</span> <span class='ocrx_word' id='word_1_168' title='bbox 298 2243 354 2304; x_wconf 80' lang='grc' dir='ltr'>άπό</span> <span class='ocrx_word' id='word_1_169' title='bbox 375 2243 465 2312; x_wconf 79' lang='grc' dir='ltr'>ξύλων</span> <span class='ocrx_word' id='word_1_170' title='bbox 483 2244 664 2320; x_wconf 87' lang='grc' dir='ltr'>πεποιημένα,</span> <span class='ocrx_word' id='word_1_171' title='bbox 685 2241 753 2312; x_wconf 81' lang='grc' dir='ltr'>τόξα</span> <span class='ocrx_word' id='word_1_172' title='bbox 774 2242 803 2301; x_wconf 84' lang='grc' dir='ltr'>δὲ</span> <span class='ocrx_word' id='word_1_173' title='bbox 826 2242 965 2320; x_wconf 85' lang='grc' dir='ltr'>καλάμινα</span> 
     </span>
     <span class='ocr_line' id='line_1_26' title="bbox 164 2330 965 2410; baseline -0.001 -20"><span class='ocrx_word' id='word_1_174' title='bbox 164 2331 243 2410; x_wconf 77' lang='grc' dir='ltr'>εἶχον</span> <span class='ocrx_word' id='word_1_175' title='bbox 266 2331 311 2390; x_wconf 87' lang='grc' dir='ltr'>καὶ</span> <span class='ocrx_word' id='word_1_176' title='bbox 332 2330 445 2394; x_wconf 77' lang='grc' dir='ltr'>όίστοῧς</span> <span class='ocrx_word' id='word_1_177' title='bbox 463 2333 640 2408; x_wconf 86' lang='grc' dir='ltr'>καλαμίνους·</span> <span class='ocrx_word' id='word_1_178' title='bbox 662 2331 708 2390; x_wconf 78' lang='grc' dir='ltr'>ἐπὶ</span> <span class='ocrx_word' id='word_1_179' title='bbox 728 2330 766 2400; x_wconf 82' lang='grc' dir='ltr'>δὲ,</span> <span class='ocrx_word' id='word_1_180' title='bbox 785 2331 901 2407; x_wconf 83' lang='grc' dir='ltr'>σίδηρον</span> <span class='ocrx_word' id='word_1_181' title='bbox 921 2330 965 2407; x_wconf 82' lang='grc' dir='ltr'>ἦν.</span> 
     </span>
     <span class='ocr_line' id='line_1_27' title="bbox 164 2419 965 2498; baseline 0.001 -20"><span class='ocrx_word' id='word_1_182' title='bbox 164 2421 335 2496; x_wconf 84' lang='grc' dir='ltr'>ἐσταλμένοι</span> <span class='ocrx_word' id='word_1_183' title='bbox 346 2422 398 2496; x_wconf 74' lang='grc' dir='ltr'>μὲν</span> <span class='ocrx_word' id='word_1_184' title='bbox 412 2420 445 2494; x_wconf 85' lang='grc' dir='ltr'>δή</span> <span class='ocrx_word' id='word_1_185' title='bbox 458 2419 533 2494; x_wconf 77' lang='grc' dir='ltr'>ἦσαν</span> <span class='ocrx_word' id='word_1_186' title='bbox 546 2419 616 2479; x_wconf 79' lang='grc' dir='ltr'>οὕτω</span> <span class='ocrx_word' id='word_1_187' title='bbox 629 2419 720 2480; x_wconf 87' lang='grc' dir='ltr'>Ἰνδοί·</span> <span class='ocrx_word' id='word_1_188' title='bbox 735 2419 965 2498; x_wconf 88' lang='grc' dir='ltr'>Ιπροσετετάχατο</span> 
     </span>
     <span class='ocr_line' id='line_1_28' title="bbox 163 2505 964 2588; baseline 0 -22"><span class='ocrx_word' id='word_1_189' title='bbox 163 2505 194 2566; x_wconf 82' lang='grc' dir='ltr'>δὲ</span> <span class='ocrx_word' id='word_1_190' title='bbox 221 2509 474 2585; x_wconf 83' lang='grc' dir='ltr'>συστρατευόμενοι</span> <span class='ocrx_word' id='word_1_191' title='bbox 501 2508 685 2588; x_wconf 83' lang='grc' dir='ltr'>Φαρναζάθρῃ</span> <span class='ocrx_word' id='word_1_192' title='bbox 710 2512 749 2588; x_wconf 81' lang='grc' dir='ltr'>τῷ</span> <span class='ocrx_word' id='word_1_193' title='bbox 774 2507 964 2584; x_wconf 82' lang='grc' dir='ltr'>Ἀρταβάτεω.</span> 
     </span>
     <span class='ocr_line' id='line_1_29' title="bbox 170 2586 1011 2673; baseline 0.002 -19"><span class='ocrx_word' id='word_1_194' title='bbox 170 2586 254 2672; x_wconf 74' lang='grc' dir='ltr'>Δριοι</span> <span class='ocrx_word' id='word_1_195' title='bbox 271 2595 301 2654; x_wconf 85' lang='grc' dir='ltr'>δέ</span> <span class='ocrx_word' id='word_1_196' title='bbox 312 2596 421 2666; x_wconf 80' lang='grc' dir='ltr'>τόξοισι</span> <span class='ocrx_word' id='word_1_197' title='bbox 433 2598 485 2672; x_wconf 77' lang='grc' dir='ltr'>μὲν</span> <span class='ocrx_word' id='word_1_198' title='bbox 498 2597 697 2673; x_wconf 84' lang='grc' dir='ltr'>ἐσκευασμένοι</span> <span class='ocrx_word' id='word_1_199' title='bbox 710 2596 785 2672; x_wconf 86' lang='grc' dir='ltr'>ἦσαν</span> <span class='ocrx_word' id='word_1_200' title='bbox 799 2596 962 2672; x_wconf 80' lang='grc' dir='ltr'>Μηδικοῖσι,</span> <span class='ocrx_word' id='word_1_201' title='bbox 974 2599 1011 2656; x_wconf 85' lang='grc'>66</span> 
     </span>
     <span class='ocr_line' id='line_1_30' title="bbox 161 2682 964 2762; baseline 0 -20"><span class='ocrx_word' id='word_1_202' title='bbox 161 2683 199 2742; x_wconf 84' lang='grc' dir='ltr'>τά</span> <span class='ocrx_word' id='word_1_203' title='bbox 219 2682 249 2742; x_wconf 85' lang='grc' dir='ltr'>δέ</span> <span class='ocrx_word' id='word_1_204' title='bbox 269 2682 345 2741; x_wconf 85' lang='grc' dir='ltr'>άλλα</span> <span class='ocrx_word' id='word_1_205' title='bbox 365 2683 436 2743; x_wconf 91' lang='grc' dir='ltr'>κατά</span> <span class='ocrx_word' id='word_1_206' title='bbox 448 2710 501 2761; x_wconf 90' lang='grc' dir='ltr'>περ</span> <span class='ocrx_word' id='word_1_207' title='bbox 515 2684 657 2760; x_wconf 86' lang='grc' dir='ltr'>Βάκτριοι·</span> <span class='ocrx_word' id='word_1_208' title='bbox 677 2683 778 2762; x_wconf 86' lang='grc' dir='ltr'>Ἀρίων</span> <span class='ocrx_word' id='word_1_209' title='bbox 791 2683 821 2742; x_wconf 88' lang='grc' dir='ltr'>δέ</span> <span class='ocrx_word' id='word_1_210' title='bbox 834 2683 903 2762; x_wconf 81' lang='grc' dir='ltr'>ἦρχε</span> <span class='ocrx_word' id='word_1_211' title='bbox 918 2687 964 2748; x_wconf 91' lang='grc' dir='ltr'>Σι-</span> 
     </span>
     <span class='ocr_line' id='line_1_31' title="bbox 162 2770 964 2850; baseline 0 -20"><span class='ocrx_word' id='word_1_212' title='bbox 162 2770 275 2848; x_wconf 88' lang='grc' dir='ltr'>σάμνης</span> <span class='ocrx_word' id='word_1_213' title='bbox 288 2771 304 2831; x_wconf 82' lang='grc' dir='ltr'>ὁ</span> <span class='ocrx_word' id='word_1_214' title='bbox 316 2771 471 2848; x_wconf 78' lang='grc' dir='ltr'>Ὑδάρνεος.</span> <span class='ocrx_word' id='word_1_215' title='bbox 514 2773 625 2850; x_wconf 87' lang='grc' dir='ltr'>Πάρθοι</span> <span class='ocrx_word' id='word_1_216' title='bbox 638 2771 668 2832; x_wconf 79' lang='grc' dir='ltr'>δὲ</span> <span class='ocrx_word' id='word_1_217' title='bbox 682 2774 727 2831; x_wconf 86' lang='grc' dir='ltr'>καὶ</span> <span class='ocrx_word' id='word_1_218' title='bbox 740 2773 902 2850; x_wconf 90' lang='grc' dir='ltr'>Χοράσμιοι</span> <span class='ocrx_word' id='word_1_219' title='bbox 918 2773 964 2832; x_wconf 84' lang='grc' dir='ltr'>καὶ</span> 
     </span>
     <span class='ocr_line' id='line_1_32' title="bbox 163 2859 963 2939; baseline 0.003 -21"><span class='ocrx_word' id='word_1_220' title='bbox 163 2859 272 2939; x_wconf 86' lang='grc' dir='ltr'>Σογδοί</span> <span class='ocrx_word' id='word_1_221' title='bbox 291 2885 323 2919; x_wconf 89' lang='grc' dir='ltr'>τε</span> <span class='ocrx_word' id='word_1_222' title='bbox 344 2861 390 2918; x_wconf 88' lang='grc' dir='ltr'>καὶ</span> <span class='ocrx_word' id='word_1_223' title='bbox 411 2860 558 2938; x_wconf 86' lang='grc' dir='ltr'>Γανδάριοι</span> <span class='ocrx_word' id='word_1_224' title='bbox 582 2861 628 2921; x_wconf 78' lang='grc' dir='ltr'>καὶ</span> <span class='ocrx_word' id='word_1_225' title='bbox 652 2861 777 2930; x_wconf 89' lang='grc' dir='ltr'>Δαδίκαι,</span> <span class='ocrx_word' id='word_1_226' title='bbox 799 2860 850 2936; x_wconf 89' lang='grc' dir='ltr'>τήν</span> <span class='ocrx_word' id='word_1_227' title='bbox 878 2859 963 2936; x_wconf 80' lang='grc' dir='ltr'>αύτήν</span> 
     </span>
     <span class='ocr_line' id='line_1_33' title="bbox 161 2947 964 3026; baseline -0.002 -18"><span class='ocrx_word' id='word_1_228' title='bbox 161 2948 269 3023; x_wconf 87' lang='grc' dir='ltr'>σκευήν</span> <span class='ocrx_word' id='word_1_229' title='bbox 282 2948 390 3026; x_wconf 78' lang='grc' dir='ltr'>ἔχοντες</span> <span class='ocrx_word' id='word_1_230' title='bbox 403 2947 455 3023; x_wconf 76' lang='grc' dir='ltr'>τήν</span> <span class='ocrx_word' id='word_1_231' title='bbox 468 2949 513 3006; x_wconf 85' lang='grc' dir='ltr'>καὶ</span> <span class='ocrx_word' id='word_1_232' title='bbox 527 2948 668 3026; x_wconf 89' lang='grc' dir='ltr'>Βάκτριοι,</span> <span class='ocrx_word' id='word_1_233' title='bbox 682 2947 889 3023; x_wconf 87' lang='grc' dir='ltr'>ἐστρατεύοντο·</span> <span class='ocrx_word' id='word_1_234' title='bbox 902 2948 964 3008; x_wconf 89' lang='grc' dir='ltr'>τού-</span> 
     </span>
     <span class='ocr_line' id='line_1_34' title="bbox 161 3034 961 3115; baseline -0.003 -19"><span class='ocrx_word' id='word_1_235' title='bbox 161 3061 218 3096; x_wconf 91' lang='grc' dir='ltr'>των</span> <span class='ocrx_word' id='word_1_236' title='bbox 241 3035 271 3094; x_wconf 81' lang='grc' dir='ltr'>δέ</span> <span class='ocrx_word' id='word_1_237' title='bbox 293 3034 382 3115; x_wconf 89' lang='grc' dir='ltr'>ἦρχον</span> <span class='ocrx_word' id='word_1_238' title='bbox 406 3035 472 3096; x_wconf 60' lang='grc' dir='ltr'>οδε·</span> <span class='ocrx_word' id='word_1_239' title='bbox 502 3035 622 3112; x_wconf 89' lang='grc' dir='ltr'>Πάρθων</span> <span class='ocrx_word' id='word_1_240' title='bbox 644 3037 696 3112; x_wconf 77' lang='grc' dir='ltr'>μὲν</span> <span class='ocrx_word' id='word_1_241' title='bbox 719 3036 765 3094; x_wconf 87' lang='grc' dir='ltr'>καὶ</span> <span class='ocrx_word' id='word_1_242' title='bbox 789 3038 961 3111; x_wconf 84' lang='grc' dir='ltr'>Χορασμίων</span> 
     </span>
     <span class='ocr_line' id='line_1_35' title="bbox 161 3121 963 3202; baseline -0.009 -18"><span class='ocrx_word' id='word_1_243' title='bbox 161 3122 339 3201; x_wconf 83' lang='grc' dir='ltr'>Ἀρτάβαζος</span> <span class='ocrx_word' id='word_1_244' title='bbox 352 3123 368 3184; x_wconf 83' lang='grc' dir='ltr'>ό</span> <span class='ocrx_word' id='word_1_245' title='bbox 381 3123 538 3201; x_wconf 85' lang='grc' dir='ltr'>Φαρνάκεω·</span> <span class='ocrx_word' id='word_1_246' title='bbox 560 3123 673 3202; x_wconf 83' lang='grc' dir='ltr'>Σογδῶν</span> <span class='ocrx_word' id='word_1_247' title='bbox 690 3122 719 3180; x_wconf 83' lang='grc' dir='ltr'>δὲ</span> <span class='ocrx_word' id='word_1_248' title='bbox 731 3121 848 3194; x_wconf 78' lang='grc' dir='ltr'>Ἀζάνης</span> <span class='ocrx_word' id='word_1_249' title='bbox 868 3121 883 3178; x_wconf 90' lang='grc' dir='ltr'>ό</span> <span class='ocrx_word' id='word_1_250' title='bbox 901 3121 963 3192; x_wconf 87' lang='grc' dir='ltr'>Ἀρ-</span> 
     </span>
     <span class='ocr_line' id='line_1_36' title="bbox 160 3203 959 3288; baseline -0.018 -16"><span class='ocrx_word' id='word_1_251' title='bbox 160 3213 252 3272; x_wconf 73' lang='grc' dir='ltr'>τάίου·</span> <span class='ocrx_word' id='word_1_252' title='bbox 274 3212 432 3288; x_wconf 88' lang='grc' dir='ltr'>Γανδαρίων</span> <span class='ocrx_word' id='word_1_253' title='bbox 448 3211 477 3270; x_wconf 78' lang='grc' dir='ltr'>δὲ</span> <span class='ocrx_word' id='word_1_254' title='bbox 492 3212 537 3268; x_wconf 87' lang='grc' dir='ltr'>καὶ</span> <span class='ocrx_word' id='word_1_255' title='bbox 551 3209 692 3269; x_wconf 82' lang='grc' dir='ltr'>Δαδικέων</span> <span class='ocrx_word' id='word_1_256' title='bbox 705 3205 856 3276; x_wconf 89' lang='grc' dir='ltr'>Ἀρτύφιος</span> <span class='ocrx_word' id='word_1_257' title='bbox 869 3204 885 3261; x_wconf 85' lang='grc' dir='ltr'>ό</span> <span class='ocrx_word' id='word_1_258' title='bbox 897 3203 959 3274; x_wconf 84' lang='grc' dir='ltr'>Ἀρ-</span> 
     </span>
     <span class='ocr_line' id='line_1_37' title="bbox 161 3287 1007 3378; baseline -0.009 -18"><span class='ocrx_word' id='word_1_259' title='bbox 161 3299 301 3378; x_wconf 86' lang='grc' dir='ltr'>ταβάνου.</span> <span class='ocrx_word' id='word_1_260' title='bbox 343 3299 471 3358; x_wconf 87' lang='grc' dir='ltr'>Κάσπιοι</span> <span class='ocrx_word' id='word_1_261' title='bbox 484 3297 514 3356; x_wconf 82' lang='grc' dir='ltr'>δὲ</span> <span class='ocrx_word' id='word_1_262' title='bbox 527 3294 662 3370; x_wconf 87' lang='grc' dir='ltr'>σισύρνας</span> <span class='ocrx_word' id='word_1_263' title='bbox 677 3315 707 3348; x_wconf 81' lang='grc' dir='ltr'>τε</span> <span class='ocrx_word' id='word_1_264' title='bbox 724 3287 900 3352; x_wconf 62' lang='grc' dir='ltr'>ἐνδεδυκότες,</span> <span class='ocrx_word' id='word_1_265' title='bbox 915 3289 959 3342; x_wconf 72' lang='grc' dir='ltr'>καὶ</span> <span class='ocrx_word' id='word_1_266' title='bbox 970 3289 1007 3344; x_wconf 75' lang='grc'>67</span> 
     </span>
    </p>
   </div>
   <div class='ocr_carea' id='block_1_4' title="bbox 0 0 1142 3554">
    <p class='ocr_par' dir='ltr' id='par_1_4' title="bbox 0 0 1142 3554">
     <span class='ocr_line' id='line_1_38' title="bbox 0 0 1142 3554; baseline 0 1"><span class='ocrx_word' id='word_1_267' title='bbox 0 0 1142 3554; x_wconf 95' lang='lat' dir='ltr'> </span> 
     </span>
    </p>
   </div>
  </div>
 </body>
</html>
