2258 3568
146 135 257 202 ιι-ςι]
450 129 653 184 mmmmm.
918 137 949 181 ιι

144 245 219 288 σιος,
236 219 302 295 πρὶν
315 216 333 295 ἢ
346 217 452 292 Ἰωνίην
470 242 501 276 τε
520 215 678 291 ἀποστῆναι
694 215 751 275 ἀπό
770 214 890 292 Δαρείου
905 214 950 273 καὶ

143 305 353 387 Ἀρισταγόρεα
365 305 416 366 τόν
432 304 579 380 Μιλήσιον
595 303 764 380 ἀπικόμενον
785 309 812 366 ἐς
831 301 951 378 Ἀθήνας

143 399 254 474 χρῇσαι
268 396 364 471 σφέων
377 395 516 470 βοηθέειν,
531 397 618 452 ταῦτα
632 396 727 468 πρῶτα
748 391 858 468 φράσω.

187 481 304 559 Ἀθῆναι
318 488 415 542 ἐοῦσαι
432 482 478 541 καὶ
492 483 557 558 πρὶν
575 480 706 562 μεγάλαι,
719 479 783 540 τότε
801 479 949 559 ἀπαλλαχ·
960 482 996 539 66

145 573 241 631 θεῖσαι
257 572 395 650 τυράννων
415 572 537 652 ἐγίνοντο
556 570 677 647 μέζονες·
700 574 728 628 ἐν
742 569 771 627 δὲ
786 568 888 647 αύτῄσι
901 569 950 628 δύο

145 657 243 736 ἄνδρες
276 659 465 730 ἐδυνάστευον,
494 659 670 734 Κλεισθένης
698 685 738 728 τε,
770 657 839 736 ἀνήρ
867 657 950 717 Ἀλκ·

145 749 302 824 μαιωνίδης,
324 748 415 825 ὅσπερ
436 748 470 823 δή
497 747 585 828 λόγον
606 748 662 825 ἔχει
685 747 736 822 τήν
758 748 866 822 Πυθίην
886 747 949 807 ἀνα-

145 840 252 909 πεῖσαι,
286 838 332 896 καὶ
360 835 558 918 Ἰσαγόρηῂά
588 835 752 913 Τισάνδρου,
785 836 871 911 οἰκίης
898 839 950 914 μέν

146 922 199 983 ἐεόν
220 925 343 1002 δοκίμου,
369 925 439 1002 ἀτάρ
466 924 501 984 τά
526 925 658 984 ἀνέκαθεν
682 924 731 983 ούκ
753 926 806 1003 ἐχω
830 925 948 1001 φράσαι·

147 1012 249 1072 θύουσι
265 1014 295 1072 δὲ
313 1017 339 1072 οἶ
360 1014 508 1095 συγγενέες
522 1013 607 1073 αύτοΰ
627 1014 675 1073 Διῒ
689 1015 794 1092 Καρίῳ.
836 1012 913 1073 οὗτοι
923 1017 949 1073 οἱ

146 1099 244 1178 ἀνδρες
263 1104 439 1162 ἐστασίασαν
458 1103 522 1178 περὶ
539 1101 678 1179 δυνάμιος·
700 1102 871 1177 ἑσσούμενος
889 1102 917 1160 δὲ
934 1101 949 1161 ό

147 1190 331 1266 Κλεισθένης,
348 1191 397 1249 τόν
419 1191 507 1266 δῆμον
527 1191 779 1266 προσεταιρίζεται.
820 1188 891 1265 μετά
911 1190 948 1260 δέ,

146 1278 340 1353 τετραφύλους
354 1278 449 1342 ἐόντας
462 1278 626 1354 Ἀθηναίους
640 1278 815 1354 δεκαφύλους
826 1280 949 1354 ἐποίησε,

146 1369 203 1424 τῶν
218 1364 312 1429 Ἴωνος
339 1367 451 1437 παιδων,
481 1368 630 1430 Γελέοντος
652 1367 698 1424 καὶ
718 1365 880 1446 Αἰγικόρεος
904 1367 949 1426 καὶ

147 1451 288 1532 Ἀργάδεω
305 1455 350 1513 καὶ
365 1454 519 1530 Ὅπλητος,
535 1454 701 1524 ἀπαλλάξας
720 1455 770 1516 τάς
787 1457 946 1532 ἐπωνυμίας,

148 1542 334 1620 ἐπιχωρίωνδ
349 1545 446 1620 ἐτέρων
456 1543 552 1619 ἦριύων
563 1544 717 1618 ἐπωνυμίας
728 1543 849 1619 ἐξευράν,
861 1544 950 1619 πάρεξ

148 1633 276 1694 Αἴαντος·
297 1635 396 1691 τοῦτον
410 1632 439 1690 δὲ
458 1631 506 1690 άτε
525 1630 708 1713 ἀστυγείτονα
727 1633 772 1690 καὶ
789 1633 948 1710 σύμμαχον,

148 1720 238 1788 ξεῖνον
262 1719 343 1780 ε’όντα
364 1721 529 1798 προσέθετο.
572 1724 666 1779 Ταῦτα
691 1720 727 1790 δέ,
753 1720 856 1780 δοκέειν
877 1721 946 1797 ἐμοὶ,
958 1721 994 1781 67

149 1808 278 1885 ἐμιμέετο
296 1808 312 1867 ά
333 1809 507 1883 Κλεισθένης
528 1807 608 1872 οὗτος
623 1808 673 1868 τόν
692 1813 791 1868 ἑωυτοῦ
806 1810 948 1886 μητροπά-

148 1923 228 1974 τορα,
244 1898 419 1956 Κλεισθένεα
433 1895 483 1955 τόν
498 1900 634 1960 Σικυῶνος
647 1897 789 1972 τύραννον·
811 1900 948 1957 Κλεισθέ-

148 2009 198 2060 νης
211 1985 266 2064 γάρ
279 1984 434 2065 Ἀργείοισι
447 1986 622 2061 πολεμήσας,
639 1990 721 2044 τοῦτο
741 1989 792 2062 μὲν
806 1986 948 2064 ῥαψῳδούς

148 2073 255 2130 ἔπαυσε
269 2072 298 2132 έν
312 2074 428 2135 Σικυῶνι
439 2072 622 2152 ἀγωνίζεσθαι
631 2077 686 2132 τῶν
698 2073 853 2150 Ὁμηρείων
864 2073 949 2134 ἐπέων

149 2161 247 2230 εἵνεκα,
262 2160 305 2220 ὅτι
323 2159 449 2240 Ἀργεῖοί
464 2187 495 2219 τε
514 2162 560 2218 καὶ
568 2159 674 2242 Ἀργος
691 2163 727 2220 τά
744 2161 841 2221 πολλά
857 2162 949 2222 πάντα

148 2248 291 2325 ύμνέαται·
312 2249 449 2319 τοῦτοδὲ,
469 2247 559 2329 ἡρῷον
577 2249 632 2329 γάρ
646 2249 681 2325 ἦν
694 2247 741 2308 καὶ
758 2252 818 2310 ἐστι
837 2249 949 2331 έναύιῇ

147 2340 184 2414 τῇ
205 2337 295 2417 ἀγορῇ
315 2341 369 2397 τῶν
391 2337 543 2400 Σικυωνίων
570 2337 728 2414 Ἀδρήστου
751 2341 802 2396 τοῦ
825 2345 947 2410 Ταλαοῦ,

147 2429 249 2484 τοῦτον
274 2424 433 2501 ἐπεθύμησε
458 2425 473 2485 ό
495 2427 679 2501 Κλεισθένης,
705 2426 786 2486 ἐόντα
812 2426 947 2508 Ἀργεῖον,

149 2515 284 2589 ἐκβαλεῖν
298 2518 328 2571 ἐκ
341 2516 392 2588 τῆς
409 2513 509 2591 χιύρηςΙ
526 2514 614 2573 ἐλθόν
629 2514 658 2572 δὲ
672 2519 699 2576 ἐς
714 2515 852 2592 Δελφούς,
868 2522 948 2596 ἐχρη·

149 2601 315 2678 στηριάζετο
326 2605 350 2660 εἶ
361 2603 491 2680 ἐκβάλλῃ
501 2601 551 2661 τόν
558 2602 734 2677 Ἀδρηστον;
749 2603 767 2679 ή
778 2603 807 2662 δέ
819 2606 911 2680 Πυθίη
922 2608 948 2664 οἱ

148 2693 206 2769 χρᾷ
221 2694 311 2765 φᾶσα,
320 2688 481 2767 Ἀδρηστον
494 2693 545 2766 μὲν
560 2690 629 2749 εἶναι
644 2693 796 2753 Σικυωνίων
812 2693 947 2769 βασιλέα,

149 2781 253 2838 ἐκεῖνον
273 2780 303 2837 δὲ
323 2781 476 2855 λευστῆρα.
518 2780 577 2837 ἐπεὶ
598 2778 628 2837 δὲ
648 2778 663 2838 ό
685 2780 747 2843 θεάς
766 2783 850 2840 τοῦτό
865 2806 898 2861 γε
917 2780 949 2840 ού

149 2866 307 2942 παρεδίδου,
329 2865 460 2926 άπελθιόν
481 2867 573 2926 ὀπίσω
594 2868 738 2944 ἐφρόντιζε
760 2869 889 2947 μηχανὴν
912 2873 948 2948 τῇ

149 2953 236 3017 αύτδς
249 2953 432 3031 όἈδρηστος
443 2955 645 3025 ἀπαλλάξεται·
661 2957 695 3019 ὥς
706 2957 736 3015 δέ
745 2959 772 3016 οἱ
783 2957 948 3034 ἐξευρῆσθαι

150 3041 249 3113 ἐδόκεε,
266 3045 378 3121 πέμψας
399 3049 426 3106 ἐς
446 3045 546 3120 Θήβας
563 3044 613 3106 τάς
632 3046 764 3106 Βοιωτίας
783 3045 838 3119 ἐφη
857 3046 949 3104 θέλειν

150 3133 344 3213 ἐπαγαγέσθαι
364 3132 551 3192 Μελάνιππον
567 3133 617 3191 τόν
634 3131 784 3189 Ἀστακοῦ·
806 3135 832 3189 οἱ
845 3132 875 3189 δέ
893 3138 947 3204 Θη-

149 3222 231 3296 βαῖοι
252 3221 362 3280 ἔδοσαν·
391 3219 600 3300 ἐπαγαγόμενος
620 3218 650 3274 δὲ
670 3215 685 3274 o‘
707 3217 880 3290 Κλεισθένης
899 3215 949 3274 τόν

149 3307 346 3379 Μελάνιππον,
366 3307 480 3384 τέμενός
500 3309 527 3364 οἱ
547 3303 661 3371 ἀπέδεξε
682 3305 711 3360 ἐν
731 3301 804 3373 αύτῷ
823 3306 861 3370 τῷ
881 3325 948 3374 πρυ-
