2276 3554
182 149 229 198 136
481 149 667 199 ἨΡΟΔΟΤΟΤ
900 151 978 210 [VIL

135 230 169 287 31
182 226 231 290 Ὡς
245 227 275 286 δὲ
289 231 319 286 ἐκ
332 229 382 302 τῆς
395 229 517 308 Φρυγίης
538 230 662 304 ἐσέβαλε
683 233 710 292 ἐς
730 228 781 305 τήν
793 229 906 306 Λυδίην,
920 258 981 312 σχι,

182 316 297 392 ζομένης
309 319 359 391 τῆς
372 314 446 384 ὁδοῦ,
462 317 508 375 καὶ
521 320 571 392 τῆς
583 318 636 392 μέν
649 321 677 380 ἐς
690 315 840 394 ἀριστερὴν
859 319 904 378 ἐπὶ
924 326 982 379 Κα-

179 405 241 481 ρίης
260 403 409 481 φερούσης,
428 408 478 479 τῆς
501 404 530 464 δὲ
550 409 577 467 ἐς
595 403 687 480 δεξιῆν
708 409 735 468 ἐς
753 404 861 482 Σάρδις,
882 410 918 486 τῇ
937 409 982 481 καὶ

179 493 354 572 πορευομένῳ
368 492 564 567 διαβῆναιτόν
578 493 741 570 Μαίανδρον
754 493 882 570 ποταμόν
903 500 983 564 πᾶσα

181 580 287 661 ἀνάγκη
305 581 419 660 γίνεται,
434 581 481 638 καὶ
495 581 563 640 ἱέναι
579 579 657 658 παρά
671 581 868 658 Καλλάτηβον
889 582 982 656 πόλιν,

180 671 256 747 ἐντῇ
273 667 369 746 ἀνδρες
381 667 542 749 δημιοεργοὶ
559 669 628 745 μέλι
649 673 678 728 ἐκ
696 670 812 746 μυρίκης
825 697 856 730 τε
870 671 916 729 καὶ
932 698 982 731 πυ-

179 760 231 834 ροῦ
250 760 370 826 ποιεῦσι,
391 756 494 832 ταύτην
516 756 564 816 ἐιῦν
585 755 601 816 ό
623 757 730 834 Ξέρξης
752 756 804 834 την
825 758 899 828 ὁδόν,
921 757 983 838 εὗρε

178 844 378 913 πλατάνιστον,
392 843 444 919 τὴν
458 843 578 907 κάλλεος
592 845 681 904 εἵνεκα
697 845 895 923 δωρησάμενος
916 847 983 908 κάσ-

178 960 221 1013 μῳ
233 934 344 1012 χρυσέῳ
359 933 404 990 καὶ
417 932 562 1011 μελεδωνῷ
575 932 703 1013 ἀθανάτῳ
722 931 801 1010 ἀνδρὶ
822 937 981 1014 ἐπιτρέψας,

131 1023 169 1080 32
178 1021 290 1100 δευτέρη
300 1021 391 1100 ἡμέρῃ
401 1019 516 1080 ἀπίκετο
530 1026 558 1084 ἐς
567 1025 621 1080 τῶν
631 1021 729 1081 Λυδῶν
742 1021 775 1080 τό
790 1019 873 1081 ἀστυ.
903 1023 982 1085 Ἀπι-

179 1109 293 1187 κόμενος
306 1109 336 1168 δέ
350 1113 377 1172 ἐς
391 1108 498 1186 Σάρδις,
512 1113 608 1186 τριῦτα
621 1112 673 1186 μὲν
694 1109 841 1187 ἀπέπεμπε
862 1111 982 1188 κήρυκας

178 1203 206 1262 ἐς
225 1197 276 1274 τήν
297 1197 432 1267 Ἑλλάδα,
457 1197 623 1273 αἰτήσοντας
646 1201 701 1278 γῆν
722 1225 753 1258 τε
775 1200 820 1257 καὶ
842 1198 912 1276 ὕδωρ
935 1203 981 1262 καὶ

177 1287 359 1364 προερέοντας
380 1285 477 1345 δεῖπνα
500 1285 621 1361 βασιλέϊ
645 1287 878 1364 παρασκευάζειν·
903 1289 982 1366 πλην

178 1373 241 1434 οῦτε
256 1379 283 1436 ἐς
295 1372 417 1450 Ἀθήνας
430 1372 493 1432 οῦτε
511 1380 538 1437 ἐς
551 1374 746 1451 Λακεδαίμονα
767 1374 914 1452 ἀπέπεμπε
934 1379 980 1437 ἐπὶ

177 1467 229 1543 γῆς
248 1463 367 1537 αἴτησιν,
381 1465 417 1540 τῇ
431 1461 461 1520 δέ
475 1461 551 1541 άλλη
564 1463 664 1538 πάντη·
685 1463 771 1523 τιῦνδε
789 1464 818 1524 δέ
837 1465 927 1524 εἵνεκα
945 1466 979 1527 τό

177 1549 302 1626 δεύτερον
323 1549 470 1625 ἀπέπεμπε
492 1553 537 1609 ἐπὶ
554 1555 608 1631 γῆν
621 1577 652 1610 τε
666 1552 712 1610 καὶ
725 1550 805 1629 ὕδωρ·
827 1551 892 1612 ὅσοι
911 1553 979 1630 πρό-

176 1663 256 1716 τερον
273 1636 323 1697 οῦκ
339 1639 441 1698 ἔδοσαν
455 1639 564 1718 Δαρείῳ
584 1640 735 1718 πέμψαντι,
749 1639 864 1704 τούτους
883 1641 980 1722 πάγχυ

178 1726 268 1786 ἐδόκεε
281 1727 344 1786 τότε
358 1726 504 1789 δείσαντας
525 1727 634 1786 διόσειν·
655 1727 832 1804 βουλόμενος
852 1727 889 1787 ὦν
910 1727 979 1789 αύτῦ

176 1820 259 1876 τοῦτο
289 1815 418 1893 ἐκμαθεῖν
445 1814 575 1892 ἀκριβῶς,
601 1817 720 1894 ἐπεμπε·
747 1816 818 1893 μετά
842 1816 871 1876 δέ
890 1821 979 1878 ταῦτα

176 1904 399 1982 παρεσκευάζετο
413 1903 448 1966 (ῦς
462 1907 532 1962 ἐλιῦν
547 1909 574 1967 ἐς
582 1903 720 1980 Ἀβυδον.

129 1995 166 2052 33
218 1994 296 2052 Οἱδέ
310 1992 441 2071 ἐντούτῳ
455 1991 505 2051 τόν
521 1991 738 2068 Ἑλλήσποντον
759 1992 927 2074 ἐζεύγνυσαν
948 1999 979 2054 ἐκ

175 2087 225 2157 τῆς
244 2081 344 2158 Ἀσίης
365 2087 392 2144 ἐς
411 2080 462 2157 τήν
478 2080 624 2158 Εύράπην.
667 2082 728 2141 ἐστι
748 2081 777 2140 δέ
797 2086 847 2157 τῆς
868 2087 978 2159 Χερσο-

176 2171 264 2246 νήσου
284 2174 334 2245 τῆς
353 2175 381 2228 ἐν
396 2169 609 2248 Ἑλλησπόντῳ,
628 2171 741 2245 Σηστοῦ
760 2195 790 2229 τε
809 2169 910 2233 πόλιος
929 2197 978 2247 με-

174 2259 244 2328 ταξῦ
266 2258 311 2316 καὶ
325 2257 467 2330 Μαδύτου,
482 2256 552 2332 α’κτη
565 2259 671 2336 τραχέα
685 2263 713 2320 ἐς
726 2257 878 2317 θάλασσαν
895 2259 977 2335 κατή-

176 2371 265 2404 κουσα
286 2345 397 2424 Ἀβύδῳ
423 2346 576 2405 καταντίον·
601 2347 666 2406 ἔνθα
688 2344 759 2422 μετὰ
779 2349 866 2405 ταῦτα
886 2346 978 2427 χρόνῳ

175 2434 293 2511 ῦστερον
313 2432 345 2492 οῦ
363 2438 470 2512 πολλῷ,
493 2433 538 2492 ἐπὶ
554 2434 719 2496 Ξανθίππου
739 2437 790 2492 τοῦ
809 2433 978 2509 Ἀρίφρονος

175 2526 335 2604 στρατηγοῦ
358 2520 519 2596 Ἀθηναίων,
546 2520 718 2599 Ἀρταΰκτην
748 2520 833 2599 ἀνδρα
861 2524 978 2600 Πέρσην

176 2611 314 2688 λαβόντες
323 2613 435 2687 Σηστοῦ
449 2609 584 2688 ὕπαρχον,
594 2611 682 2681 ζῶντα
695 2610 765 2688 πρός
775 2610 877 2670 σανίδα
887 2637 977 2687 προσ·
1053 2658 1059 2668 .

174 2699 431 2759 διεπασσάλευσαν·
453 2698 484 2761 ὃς
497 2700 543 2756 καὶ
557 2704 584 2761 ἐς
597 2703 647 2758 τοῦ
661 2697 849 2775 Πρωτεσίλεω
865 2698 898 2759 τῦ
917 2699 978 2775 ἶρδν

175 2788 202 2851 ἐς
215 2787 381 2848 Ἐλαιοῦντα
392 2786 567 2869 ἀγινεόμενος
574 2791 712 2868 γυναῖκας,
722 2786 840 2864 ἀθέμιτα
854 2786 976 2864 ἔρδεσκε.

127 2876 221 2940 34Ἐς
239 2876 340 2952 ταύτην
364 2875 400 2935 ὧν
421 2875 472 2950 την
496 2873 583 2950 ἀκτὴν
607 2875 637 2944 ἐξ
658 2873 783 2950 Ἀβύδου
806 2873 977 2952 όρμειόμενοι

175 2964 328 3045 ἐγεφύρουν
353 2968 429 3024 τοῖσι
453 2965 630 3039 προσεκέετο,
655 2963 707 3039 τήν
733 2965 784 3040 μέν
811 2963 978 3022 λευκολίνου

175 3056 305 3122 Φοίνικες,
329 3052 380 3128 την
408 3051 430 3110 δ’
454 3052 548 3127 ἐτέρην
575 3051 626 3126 τήν
649 3053 793 3128 βυβλίνην
816 3051 976 3132 Αἰγύπτιοι·

176 3142 236 3200 ἐστι
253 3140 282 3198 δέ
301 3140 370 3215 ἐπτά
389 3138 498 3198 στάδιοι
519 3139 549 3208 ἐξ
566 3138 692 3215 Ἀβύδου
714 3145 741 3202 ἐς
761 3139 814 3216 τὴν
831 3138 976 3199 ἀπαντίον.

129 3230 165 3285 35
175 3228 233 3286 Καὶ
246 3227 280 3302 δὴ
295 3227 456 3307 ἐζευγμένου
476 3229 526 3285 τοῦ
546 3226 644 3303 πόρου,
660 3227 852 3309 ἐπιγενόμενος
871 3227 978 3306 χειμών

174 3316 262 3394 μέγας
282 3314 420 3392 συνέκοψέ
438 3339 470 3373 τε
490 3317 580 3373 ἐκεῖνα
595 3315 686 3375 πάντα
701 3317 746 3374 καὶ
760 3316 882 3376 διέλυσε·
905 3315 940 3379 ιύς
954 3315 977 3374 δ’
