2276 3554
197 107 244 161 176
504 115 684 164 ἨΡΟΔΟΤΟΤ
912 111 991 173 [VH.

241 190 326 248 μοῦνον
335 191 471 252 ἀπόρθητον
481 197 596 257 τελέθειν,
608 198 637 244 τὸ
648 196 677 243 σὲ
687 195 760 242 τέκνα
771 193 795 241 τ’
805 194 891 253 ὀνήσει.

241 264 302 320 μηδὲ
313 264 378 325 σύγ’
390 267 523 327 ἱπποσύνην
534 287 562 316 τε
572 270 649 327 μένειν
661 269 700 316 καί
713 268 783 326 πεζὸν
794 267 861 314 ίθντα

242 336 334 383 πολλὸν
345 337 387 384 ἀπ’
396 339 493 400 ἠπείρου
504 343 608 402 στρατὸν
619 339 716 400 ἥσυχος,
728 338 783 387 ἀλλ’
795 339 927 401 ὑποχωρεῖν

241 407 315 454 νῶτον
327 409 482 472 ἐπιστρέψας
502 413 538 460 ἔτι
546 430 583 460 ποι
595 414 651 462 κοτὲ
661 413 754 460 κάντίος
766 413 834 470 ἔσσῃ.

242 477 261 525 ιθ
273 480 324 540 θείη
335 482 452 542 Σαλαμίς,
467 484 566 533 ἀπολεῖς
577 486 603 533 δὲ
614 486 645 533 σι)
655 485 728 533 τέκνα
739 484 863 545 γυναικῶν,

241 549 259 608 ἤ
268 568 315 599 που
325 554 478 614 σκιδναμένης
489 557 633 619 Δημήτερος,
648 559 664 616 ὴ
675 558 806 616 συνιούσης.

146 655 202 713 142
211 657 305 717 Ταῦτά
319 665 374 735 σφι
387 659 527 739 ἠπιώτερα
539 660 594 743 γάρ
612 666 666 722 τῶν
679 662 819 739 προτέρων
837 661 882 720 καὶ
895 659 930 737 ἦν
944 660 992 719 καὶ

192 744 282 804 ε’δόκεε
304 746 380 822 εἶναι,
400 749 630 830 συγγραψάμενοι
649 749 873 809 άπαλλάσσοπο
893 754 921 812 ές
940 747 992 811 τῶς

191 831 318 909 Ἀθήνας·
343 836 379 898 ῶς
398 837 428 895 δέ
448 837 617 900 οἶπελθόντες
634 841 660 897 οἶ
676 837 829 914 θεοπρόποι
846 836 991 919 άπήγγελ-

189 923 242 980 λον
255 926 282 985 ές
294 922 343 983 τόν
356 925 452 1001 δῆμον,
465 930 573 1005 γνῶμαι
587 927 633 984 καὶ
645 925 733 985 ἄλλοι
745 926 852 985 πολλαὶ
866 927 991 1007 ε’γίνοντο

190 1008 338 1086 διζημένων
350 1012 383 1072 τό
395 1013 537 1090 μαντήϊον,
550 1013 595 1072 καὶ
605 1013 665 1073 αἵδε
675 1017 872 1090 συνεστηκυῖαι
884 1013 990 1090 μάλισ-

188 1123 233 1157 τα·
247 1103 302 1159 τῶν
314 1103 513 1178 πρεσβυτέρων
523 1105 620 1184 ἔλεγον
629 1103 809 1179 μετεξέτεροι,
820 1101 923 1162 δοκέειν
931 1111 989 1180 σφι

187 1185 237 1247 τῶν
250 1189 314 1248 θεόν
328 1189 381 1266 τήν
398 1189 552 1268 ἀκρόπολιν
568 1195 675 1270 χρῆσαι
693 1191 884 1268 περιέσεσθαι·
900 1190 989 1272 ἡγὰρ

189 1275 341 1353 α’κρόπολις
355 1278 388 1338 τό
404 1278 494 1337 πάλαι
511 1283 565 1338 τῶν
577 1278 715 1354 Ἀθηνέων
727 1282 804 1357 ῥηχῷ
817 1279 987 1356 ἐπέφρακτο·

188 1369 215 1423 οἶ
227 1368 279 1443 μὲν
292 1367 326 1444 δή
340 1366 410 1426 κατοὶ
422 1367 471 1427 τόν
485 1366 617 1449 φραγμδν
632 1366 845 1443 συνεβάλλοντο
858 1371 941 1426 τοῦτο
953 1369 987 1428 τό

191 1454 302 1524 ξύλινον
320 1461 412 1534 τεῖχος
433 1455 511 1516 εἶναι·
536 1459 562 1515 οἱ
582 1455 605 1514 δ’
626 1453 661 1515 αὖ
677 1457 775 1537 ἔλεγον
790 1455 840 1520 τάς
855 1456 917 1519 νέας
934 1483 986 1535 ση-

187 1543 294 1619 μαίνειν
306 1541 356 1604 τόν
374 1543 445 1614 θεῶν,
460 1545 506 1603 καὶ
519 1543 620 1607 ταύτας
633 1544 840 1621 παραρτέεσθαι
858 1545 988 1607 ἐκέλευον

187 1630 222 1690 τοὶ
240 1629 318 1690 ἅλλα
334 1630 462 1696 ἀπέντας.
503 1631 570 1696 τοθς
588 1631 625 1692 ῶν
645 1632 678 1708 δὴ
699 1631 749 1695 τάς
770 1633 831 1694 νέας
851 1633 987 1712 λέγοντας

188 1719 257 1779 εῖναι
268 1720 301 1780 τό
316 1720 427 1791 ξύλινον
439 1724 532 1800 τεῖχος
544 1723 674 1798 ἔσφαλλε
687 1719 722 1780 τῶ
736 1719 784 1780 δύο
794 1718 829 1778 τοὶ
839 1723 987 1780 τελευταῖα

186 1809 306 1886 ῥηθέντα
318 1808 373 1870 ύπθ
386 1813 436 1885 τῆς
449 1811 566 1885 Πυθίης·

235 1933 256 1980 ιθ
265 1934 317 1992 θείη
327 1933 444 1992 Σαλαμίς,
459 1933 557 1981 ἀπολεῖς
566 1934 591 1980 δὲ
602 1932 633 1980 σὺ
643 1931 716 1979 τέκνα
726 1931 851 1992 γυναικῶν,

235 2005 252 2065 ἤ
262 2023 308 2054 που
317 2005 471 2064 σκιδναμένης
483 2007 620 2066 Δημήτερος
631 2003 647 2062 ἦ
658 2005 789 2062 συνιούσης.

185 2112 255 2172 κατά
279 2117 367 2173 ταῦτα
393 2111 428 2171 πθ
455 2113 521 2170 ἔπεα
551 2111 717 2190 συνεχέοντο
742 2111 772 2168 αἱ
797 2113 905 2190 γνῶμαι
930 2117 987 2172 τῶν

185 2202 316 2277 φαμένων
335 2199 385 2262 τοὶς
405 2201 467 2262 νέας
486 2199 520 2259 τό
541 2198 653 2268 ξύλινον
669 2201 762 2277 τεῖχος
781 2197 859 2257 εἶναι·
884 2201 911 2256 οἱ
929 2200 985 2280 γάρ

183 2289 381 2369 χρησμολόγοι
398 2288 485 2367 ταύτῃ
502 2291 590 2348 ταῦτα
608 2286 778 2362 ἐλάμβανον,
793 2285 828 2349 ῶς
840 2284 916 2362 άμφὶ
930 2289 986 2350 Σα-

184 2381 290 2453 λαμῖνα
303 2377 345 2436 δεῖ
357 2377 449 2451 σφέας
462 2376 629 2452 ἑσσωθῆναι,
643 2375 798 2453 ναυμαχίην
807 2399 985 2450 παρασκευα-

137 2467 194 2524 143
204 2467 350 2541 σαμένους.
377 2464 438 2524 Ἦν
451 2464 480 2523 δὲ
496 2467 550 2524 τῶν
567 2489 609 2526 τις
621 2463 774 2539 Ἀθηναίων
787 2461 856 2539 ἀνὴρ
871 2467 897 2524 ές
911 2463 984 2539 πρῶ-

182 2579 247 2616 τους
273 2554 373 2613 νεωστὶ
399 2551 512 2630 παριῶν,
540 2555 579 2630 τῷ
605 2550 711 2627 οὕνομα
733 2553 785 2627 μὲν
809 2551 855 2626 ἔην
878 2557 984 2626 Θεμισ-

180 2642 306 2718 τοκλέης,
328 2645 393 2703 παῖς
414 2641 444 2700 δὲ
467 2640 610 2702 Νεοκλέος
634 2640 773 2698 ἐκαλέετο·
801 2637 881 2702 οὗτος
909 2637 984 2718 ῶνήρ

183 2729 234 2789 οὐκ
255 2732 310 2806 ἔφη
330 2734 387 2790 πᾶν
407 2728 495 2806 ὀρθῶς
514 2727 579 2790 τούς
605 2727 822 2808 χρησμολόγους
848 2729 983 2805 συμβάλ-

181 2819 292 2888 λεσθαι,
306 2819 396 2900 λέγων
409 2811 549 2877 τοιάδε·ἐῖ
559 2821 586 2879 ἐς
598 2814 762 2892 Ἀθηναίους
775 2814 879 2894 εἴχετό
892 2816 985 2882 πάθος

183 2908 324 2983 εἰρημένον
346 2906 451 2976 ἐόντως,
475 2904 523 2964 οὐκ
546 2902 581 2964 ἂν
604 2903 674 2964 οὕτω
695 2930 744 2980 μιν
768 2904 872 2964 δοκέειν
894 2903 985 2980 ἠπίως

180 2995 348 3073 χρησθῆναι,
363 2993 439 3052 ἀλλὰ
454 2990 514 3051 ῶδε·
532 2991 553 3050 ὦ
566 2993 687 3070 σχετλίη
698 2992 835 3068 Σαλαμίς·
856 2991 918 3052 ἀντὶ
931 2999 983 3054 τοῦ

181 3082 203 3140 ῶ
214 3081 274 3158 θείη
289 3081 424 3157 Σαλαμίς·
446 3081 521 3156 εἴπερ
534 3106 568 3160 γε
582 3081 702 3155 ἔμελλον
715 3082 741 3139 οἱ
755 3079 896 3158 οἰκήτορες
909 3079 983 3158 ἀμφ’

181 3169 252 3247 αὖτῇ
270 3168 457 3244 τελευτήσειν·
478 3167 555 3226 ἀλλὰ
572 3167 628 3248 γάρ
648 3172 675 3230 ές
691 3168 756 3231 τούς
773 3168 926 3244 πολεμίους
944 3174 985 3248 τῷ

181 3259 234 3335 θεῷ
254 3257 382 3334 εἰρῆσθαι
402 3255 435 3316 τό
455 3254 634 3334 χρηστήριον,
652 3251 888 3333 συλλαμβάνοντι
909 3283 983 3317 κατα
