<?xml version="1.0" encoding="UTF-8"?>
<!DOCTYPE html PUBLIC "-//W3C//DTD XHTML 1.0 Transitional//EN"
    "http://www.w3.org/TR/xhtml1/DTD/xhtml1-transitional.dtd">
<html xmlns="http://www.w3.org/1999/xhtml" xml:lang="en" lang="en">
 <head>
  <title>
</title>
<meta http-equiv="Content-Type" content="text/html;charset=utf-8" />
  <meta name='ocr-system' content='tesseract 3.04.00' />
  <meta name='ocr-capabilities' content='ocr_page ocr_carea ocr_par ocr_line ocrx_word'/>
</head>
<body>
  <div class='ocr_page' id='page_1' title='image "./herodotusrecens00blakgoog_0208.png"; bbox 0 0 2282 3550; ppageno 0'>
   <div class='ocr_carea' id='block_1_1' title="bbox 171 141 968 206">
    <p class='ocr_par' dir='ltr' id='par_1_1' title="bbox 171 141 968 206">
     <span class='ocr_line' id='line_1_1' title="bbox 171 141 968 206; baseline 0 -15"><span class='ocrx_word' id='word_1_1' title='bbox 171 144 218 191; x_wconf 75' lang='lat'>2⁰0</span> <span class='ocrx_word' id='word_1_2' title='bbox 477 141 662 190; x_wconf 73' lang='grc' dir='ltr'>ἨΡΟΔΟΤΟΤ</span> <span class='ocrx_word' id='word_1_3' title='bbox 890 142 968 206; x_wconf 87' lang='lat' dir='ltr'><strong>[VII.</strong></span> 
     </span>
    </p>
   </div>
   <div class='ocr_carea' id='block_1_2' title="bbox 124 220 972 1186">
    <p class='ocr_par' dir='ltr' id='par_1_2' title="bbox 124 220 972 1186">
     <span class='ocr_line' id='line_1_2' title="bbox 171 220 972 300; baseline 0.004 -20"><span class='ocrx_word' id='word_1_4' title='bbox 171 221 216 280; x_wconf 86' lang='grc' dir='ltr'>καὶ</span> <span class='ocrx_word' id='word_1_5' title='bbox 238 225 274 300; x_wconf 76' lang='grc' dir='ltr'>τῇ</span> <span class='ocrx_word' id='word_1_6' title='bbox 298 223 363 279; x_wconf 87' lang='grc' dir='ltr'>Θέτι</span> <span class='ocrx_word' id='word_1_7' title='bbox 387 222 433 278; x_wconf 85' lang='grc' dir='ltr'>καὶ</span> <span class='ocrx_word' id='word_1_8' title='bbox 454 224 521 299; x_wconf 82' lang='grc' dir='ltr'>τῇσι</span> <span class='ocrx_word' id='word_1_9' title='bbox 548 220 674 297; x_wconf 74' lang='grc' dir='ltr'>Νηρηίσι</span> <span class='ocrx_word' id='word_1_10' title='bbox 702 220 820 291; x_wconf 85' lang='grc' dir='ltr'>θόοντες,</span> <span class='ocrx_word' id='word_1_11' title='bbox 846 223 972 283; x_wconf 80' lang='grc' dir='ltr'>ἔπαυσαν</span> 
     </span>
     <span class='ocr_line' id='line_1_3' title="bbox 169 307 970 388; baseline 0.002 -20"><span class='ocrx_word' id='word_1_12' title='bbox 169 309 286 386; x_wconf 75' lang='grc' dir='ltr'>τετάρτῃ</span> <span class='ocrx_word' id='word_1_13' title='bbox 300 309 399 387; x_wconf 84' lang='grc' dir='ltr'>ἡμέρη·</span> <span class='ocrx_word' id='word_1_14' title='bbox 417 307 435 384; x_wconf 86' lang='grc' dir='ltr'>ἢ</span> <span class='ocrx_word' id='word_1_15' title='bbox 449 308 543 373; x_wconf 75' lang='grc' dir='ltr'>ἄλλως</span> <span class='ocrx_word' id='word_1_16' title='bbox 557 337 609 388; x_wconf 76' lang='grc' dir='ltr'>κως</span> <span class='ocrx_word' id='word_1_17' title='bbox 623 309 706 372; x_wconf 76' lang='grc' dir='ltr'>οὗτός</span> <span class='ocrx_word' id='word_1_18' title='bbox 720 311 823 369; x_wconf 79' lang='grc' dir='ltr'>ἐθέλων</span> <span class='ocrx_word' id='word_1_19' title='bbox 838 309 970 370; x_wconf 81' lang='grc' dir='ltr'>ἐκόπασε·</span> 
     </span>
     <span class='ocr_line' id='line_1_4' title="bbox 168 397 971 476; baseline 0.007 -21"><span class='ocrx_word' id='word_1_20' title='bbox 168 398 251 476; x_wconf 81' lang='grc' dir='ltr'>τῇδέ</span> <span class='ocrx_word' id='word_1_21' title='bbox 269 399 335 456; x_wconf 89' lang='grc' dir='ltr'>Θέτι</span> <span class='ocrx_word' id='word_1_22' title='bbox 352 398 438 467; x_wconf 81' lang='grc' dir='ltr'>ἔθυον,</span> <span class='ocrx_word' id='word_1_23' title='bbox 463 398 615 475; x_wconf 87' lang='grc' dir='ltr'>πυθόμενοι</span> <span class='ocrx_word' id='word_1_24' title='bbox 635 397 711 474; x_wconf 72' lang='grc' dir='ltr'>παρῶ</span> <span class='ocrx_word' id='word_1_25' title='bbox 727 404 782 458; x_wconf 90' lang='grc' dir='ltr'>τῶν</span> <span class='ocrx_word' id='word_1_26' title='bbox 803 398 902 458; x_wconf 75' lang='grc' dir='ltr'>Ἰώνων</span> <span class='ocrx_word' id='word_1_27' title='bbox 921 400 971 460; x_wconf 78' lang='grc' dir='ltr'>τόν</span> 
     </span>
     <span class='ocr_line' id='line_1_5' title="bbox 168 485 971 567; baseline 0.007 -24"><span class='ocrx_word' id='word_1_28' title='bbox 168 485 263 567; x_wconf 91' lang='grc' dir='ltr'>λόγον,</span> <span class='ocrx_word' id='word_1_29' title='bbox 289 485 324 548; x_wconf 83' lang='grc' dir='ltr'>ῶς</span> <span class='ocrx_word' id='word_1_30' title='bbox 351 491 381 544; x_wconf 88' lang='grc' dir='ltr'>ἐκ</span> <span class='ocrx_word' id='word_1_31' title='bbox 404 490 455 545; x_wconf 80' lang='grc' dir='ltr'>τοῦ</span> <span class='ocrx_word' id='word_1_32' title='bbox 482 485 574 564; x_wconf 82' lang='grc' dir='ltr'>χῶρον</span> <span class='ocrx_word' id='word_1_33' title='bbox 601 486 701 546; x_wconf 77' lang='grc' dir='ltr'>τούτου</span> <span class='ocrx_word' id='word_1_34' title='bbox 729 487 888 564; x_wconf 71' lang='grc' dir='ltr'>ἁρπασθείη</span> <span class='ocrx_word' id='word_1_35' title='bbox 914 488 971 549; x_wconf 80' lang='grc' dir='ltr'>όττδ</span> 
     </span>
     <span class='ocr_line' id='line_1_6' title="bbox 170 571 972 652; baseline 0.002 -21"><span class='ocrx_word' id='word_1_36' title='bbox 170 576 289 648; x_wconf 81' lang='grc' dir='ltr'>Πηλέος,</span> <span class='ocrx_word' id='word_1_37' title='bbox 309 576 350 650; x_wconf 84' lang='grc' dir='ltr'>εἴη</span> <span class='ocrx_word' id='word_1_38' title='bbox 368 601 398 634; x_wconf 91' lang='grc' dir='ltr'>τε</span> <span class='ocrx_word' id='word_1_39' title='bbox 416 571 515 634; x_wconf 81' lang='grc' dir='ltr'>ἅπασα</span> <span class='ocrx_word' id='word_1_40' title='bbox 533 574 551 651; x_wconf 92' lang='grc' dir='ltr'>ἡ</span> <span class='ocrx_word' id='word_1_41' title='bbox 568 575 637 651; x_wconf 80' lang='grc' dir='ltr'>όκτὴ</span> <span class='ocrx_word' id='word_1_42' title='bbox 657 575 674 652; x_wconf 85' lang='grc' dir='ltr'>ἡ</span> <span class='ocrx_word' id='word_1_43' title='bbox 695 575 802 651; x_wconf 75' lang='grc' dir='ltr'>Σηπιὰς</span> <span class='ocrx_word' id='word_1_44' title='bbox 822 577 924 652; x_wconf 78' lang='grc' dir='ltr'>ἐκείνης</span> <span class='ocrx_word' id='word_1_45' title='bbox 940 604 972 637; x_wconf 87' lang='grc' dir='ltr'>τε</span> 
     </span>
     <span class='ocr_line' id='line_1_7' title="bbox 169 663 972 745; baseline 0.005 -25"><span class='ocrx_word' id='word_1_46' title='bbox 169 664 214 742; x_wconf 78' lang='grc' dir='ltr'>καὶ</span> <span class='ocrx_word' id='word_1_47' title='bbox 230 668 284 722; x_wconf 91' lang='grc' dir='ltr'>τῶν</span> <span class='ocrx_word' id='word_1_48' title='bbox 298 663 393 723; x_wconf 78' lang='grc' dir='ltr'>ἄλλων</span> <span class='ocrx_word' id='word_1_49' title='bbox 412 665 568 742; x_wconf 84' lang='grc' dir='ltr'>Νηρηΐδων·</span> <span class='ocrx_word' id='word_1_50' title='bbox 591 664 674 742; x_wconf 85' lang='grc' dir='ltr'>ὁμέν</span> <span class='ocrx_word' id='word_1_51' title='bbox 690 664 724 739; x_wconf 90' lang='grc' dir='ltr'>δὴ</span> <span class='ocrx_word' id='word_1_52' title='bbox 745 665 861 743; x_wconf 81' lang='grc' dir='ltr'>τετάρτῃ</span> <span class='ocrx_word' id='word_1_53' title='bbox 880 665 972 745; x_wconf 86' lang='grc' dir='ltr'>ἡμέρῃ</span> 
     </span>
     <span class='ocr_line' id='line_1_8' title="bbox 124 753 970 831; baseline 0.006 -22"><span class='ocrx_word' id='word_1_54' title='bbox 124 754 178 810; x_wconf 81' lang='grc'>192</span> <span class='ocrx_word' id='word_1_55' title='bbox 188 753 335 812; x_wconf 85' lang='grc' dir='ltr'>ἐπέπαυτο.</span> <span class='ocrx_word' id='word_1_56' title='bbox 377 757 460 812; x_wconf 83' lang='grc' dir='ltr'>Τοῖσι</span> <span class='ocrx_word' id='word_1_57' title='bbox 479 754 507 812; x_wconf 88' lang='grc' dir='ltr'>δέ</span> <span class='ocrx_word' id='word_1_58' title='bbox 520 753 649 830; x_wconf 82' lang='grc' dir='ltr'>Ἕλλησι</span> <span class='ocrx_word' id='word_1_59' title='bbox 668 757 694 813; x_wconf 85' lang='grc' dir='ltr'>οἶ</span> <span class='ocrx_word' id='word_1_60' title='bbox 707 753 900 831; x_wconf 77' lang='grc' dir='ltr'>ἡμεροσκόποι</span> <span class='ocrx_word' id='word_1_61' title='bbox 914 754 970 815; x_wconf 76' lang='grc' dir='ltr'>ἀπό</span> 
     </span>
     <span class='ocr_line' id='line_1_9' title="bbox 168 841 971 922; baseline 0.004 -23"><span class='ocrx_word' id='word_1_62' title='bbox 168 845 221 900; x_wconf 89' lang='grc' dir='ltr'>τῶν</span> <span class='ocrx_word' id='word_1_63' title='bbox 248 841 338 918; x_wconf 69' lang='grc' dir='ltr'>α’κρων</span> <span class='ocrx_word' id='word_1_64' title='bbox 357 846 412 901; x_wconf 87' lang='grc' dir='ltr'>τῶν</span> <span class='ocrx_word' id='word_1_65' title='bbox 439 841 586 918; x_wconf 79' lang='grc' dir='ltr'>Εὐβοϊκῶν</span> <span class='ocrx_word' id='word_1_66' title='bbox 613 843 834 919; x_wconf 82' lang='grc' dir='ltr'>καταδραμόντες</span> <span class='ocrx_word' id='word_1_67' title='bbox 859 843 971 922; x_wconf 84' lang='grc' dir='ltr'>δευτέρη</span> 
     </span>
     <span class='ocr_line' id='line_1_10' title="bbox 167 929 971 1012; baseline 0.005 -24"><span class='ocrx_word' id='word_1_68' title='bbox 167 929 256 1009; x_wconf 87' lang='grc' dir='ltr'>ἡμέρη</span> <span class='ocrx_word' id='word_1_69' title='bbox 270 930 317 989; x_wconf 76' lang='grc' dir='ltr'>ἀπ’</span> <span class='ocrx_word' id='word_1_70' title='bbox 331 929 364 1005; x_wconf 86' lang='grc' dir='ltr'>ἧς</span> <span class='ocrx_word' id='word_1_71' title='bbox 378 931 393 989; x_wconf 85' lang='grc' dir='ltr'>ὁ</span> <span class='ocrx_word' id='word_1_72' title='bbox 410 930 514 1010; x_wconf 84' lang='grc' dir='ltr'>χειμῶν</span> <span class='ocrx_word' id='word_1_73' title='bbox 528 931 543 990; x_wconf 86' lang='grc' dir='ltr'>ὁ</span> <span class='ocrx_word' id='word_1_74' title='bbox 557 936 666 1006; x_wconf 88' lang='grc' dir='ltr'>πρῶτος</span> <span class='ocrx_word' id='word_1_75' title='bbox 687 933 803 1012; x_wconf 87' lang='grc' dir='ltr'>ἐγένετο,</span> <span class='ocrx_word' id='word_1_76' title='bbox 819 932 971 1007; x_wconf 82' lang='grc' dir='ltr'>ἐσήμαινον</span> 
     </span>
     <span class='ocr_line' id='line_1_11' title="bbox 168 1017 972 1102; baseline 0.004 -25"><span class='ocrx_word' id='word_1_77' title='bbox 168 1017 258 1078; x_wconf 78' lang='grc' dir='ltr'>πάντα</span> <span class='ocrx_word' id='word_1_78' title='bbox 282 1019 317 1078; x_wconf 76' lang='grc' dir='ltr'>τό</span> <span class='ocrx_word' id='word_1_79' title='bbox 341 1020 476 1101; x_wconf 87' lang='grc' dir='ltr'>γενόμενα</span> <span class='ocrx_word' id='word_1_80' title='bbox 500 1022 563 1098; x_wconf 81' lang='grc' dir='ltr'>περὶ</span> <span class='ocrx_word' id='word_1_81' title='bbox 583 1021 635 1096; x_wconf 86' lang='grc' dir='ltr'>τὴν</span> <span class='ocrx_word' id='word_1_82' title='bbox 660 1022 801 1102; x_wconf 86' lang='grc' dir='ltr'>ναυηγίην·</span> <span class='ocrx_word' id='word_1_83' title='bbox 838 1024 864 1080; x_wconf 82' lang='grc' dir='ltr'>οἶ</span> <span class='ocrx_word' id='word_1_84' title='bbox 885 1021 914 1080; x_wconf 89' lang='grc' dir='ltr'>δέ</span> <span class='ocrx_word' id='word_1_85' title='bbox 936 1021 972 1086; x_wconf 88' lang='grc' dir='ltr'>ῶς</span> 
     </span>
     <span class='ocr_line' id='line_1_12' title="bbox 168 1107 971 1186; baseline 0.005 -21"><span class='ocrx_word' id='word_1_86' title='bbox 168 1107 310 1178; x_wconf 75' lang='grc' dir='ltr'>ἐπύθοντο,</span> <span class='ocrx_word' id='word_1_87' title='bbox 321 1108 491 1168; x_wconf 82' lang='grc' dir='ltr'>Ποσειδέωνι</span> <span class='ocrx_word' id='word_1_88' title='bbox 501 1111 609 1186; x_wconf 79' lang='grc' dir='ltr'>Σωτῆρι</span> <span class='ocrx_word' id='word_1_89' title='bbox 624 1109 774 1185; x_wconf 74' lang='grc' dir='ltr'>εὐξάμενοι,</span> <span class='ocrx_word' id='word_1_90' title='bbox 787 1111 832 1168; x_wconf 82' lang='grc' dir='ltr'>καὶ</span> <span class='ocrx_word' id='word_1_91' title='bbox 846 1110 971 1174; x_wconf 72' lang='grc' dir='ltr'>σπονδὰς</span> 
     </span>
    </p>
   </div>
   <div class='ocr_carea' id='block_1_3' title="bbox 166 1197 971 1367">
    <p class='ocr_par' dir='ltr' id='par_1_3' title="bbox 166 1197 971 1367">
     <span class='ocr_line' id='line_1_13' title="bbox 168 1197 970 1279; baseline 0.009 -27"><span class='ocrx_word' id='word_1_92' title='bbox 168 1197 342 1274; x_wconf 85' lang='grc' dir='ltr'>προχέαντες,</span> <span class='ocrx_word' id='word_1_93' title='bbox 364 1197 415 1273; x_wconf 86' lang='grc' dir='ltr'>τὴν</span> <span class='ocrx_word' id='word_1_94' title='bbox 433 1198 571 1276; x_wconf 80' lang='grc' dir='ltr'>ταχίστην</span> <span class='ocrx_word' id='word_1_95' title='bbox 590 1197 680 1258; x_wconf 82' lang='grc' dir='ltr'>ὀπίσω</span> <span class='ocrx_word' id='word_1_96' title='bbox 699 1197 848 1279; x_wconf 79' lang='grc' dir='ltr'>ἠπείγοντο</span> <span class='ocrx_word' id='word_1_97' title='bbox 871 1198 916 1257; x_wconf 88' lang='grc' dir='ltr'>ἐπὶ</span> <span class='ocrx_word' id='word_1_98' title='bbox 937 1199 970 1259; x_wconf 79' lang='grc' dir='ltr'>τό</span> 
     </span>
     <span class='ocr_line' id='line_1_14' title="bbox 166 1283 971 1367; baseline 0.01 -26"><span class='ocrx_word' id='word_1_99' title='bbox 166 1283 354 1361; x_wconf 87' lang='grc' dir='ltr'>Ἀρτεμίσιον·</span> <span class='ocrx_word' id='word_1_100' title='bbox 377 1287 542 1349; x_wconf 90' lang='grc' dir='ltr'>ἐλπίσαντες</span> <span class='ocrx_word' id='word_1_101' title='bbox 556 1287 655 1367; x_wconf 85' lang='grc' dir='ltr'>ὀλίγας</span> <span class='ocrx_word' id='word_1_102' title='bbox 668 1285 744 1348; x_wconf 87' lang='grc' dir='ltr'>τινός</span> <span class='ocrx_word' id='word_1_103' title='bbox 759 1293 814 1361; x_wconf 93' lang='grc' dir='ltr'>σφι</span> <span class='ocrx_word' id='word_1_104' title='bbox 829 1286 971 1356; x_wconf 74' lang='grc' dir='ltr'>ἀντιξόους</span> 
     </span>
    </p>
   </div>
   <div class='ocr_carea' id='block_1_4' title="bbox 122 1373 971 1806">
    <p class='ocr_par' dir='ltr' id='par_1_4' title="bbox 122 1373 971 1806">
     <span class='ocr_line' id='line_1_15' title="bbox 168 1373 971 1452; baseline 0.005 -22"><span class='ocrx_word' id='word_1_105' title='bbox 168 1373 284 1432; x_wconf 90' lang='grc' dir='ltr'>ἔσεσθαι</span> <span class='ocrx_word' id='word_1_106' title='bbox 297 1375 368 1436; x_wconf 86' lang='grc' dir='ltr'>νέας.</span> <span class='ocrx_word' id='word_1_107' title='bbox 411 1379 437 1434; x_wconf 84' lang='grc' dir='ltr'>οἱ</span> <span class='ocrx_word' id='word_1_108' title='bbox 449 1378 501 1450; x_wconf 86' lang='grc' dir='ltr'>μέν</span> <span class='ocrx_word' id='word_1_109' title='bbox 515 1374 548 1452; x_wconf 94' lang='grc' dir='ltr'>δὴ</span> <span class='ocrx_word' id='word_1_110' title='bbox 564 1375 596 1434; x_wconf 78' lang='grc' dir='ltr'>τό</span> <span class='ocrx_word' id='word_1_111' title='bbox 615 1375 741 1452; x_wconf 80' lang='grc' dir='ltr'>δεύτερον</span> <span class='ocrx_word' id='word_1_112' title='bbox 756 1375 890 1448; x_wconf 82' lang='grc' dir='ltr'>ἐλθόντες,</span> <span class='ocrx_word' id='word_1_113' title='bbox 906 1377 971 1452; x_wconf 83' lang='grc' dir='ltr'>περὶ</span> 
     </span>
     <span class='ocr_line' id='line_1_16' title="bbox 167 1459 970 1542; baseline 0.005 -23"><span class='ocrx_word' id='word_1_114' title='bbox 167 1459 199 1519; x_wconf 79' lang='grc' dir='ltr'>τό</span> <span class='ocrx_word' id='word_1_115' title='bbox 222 1459 400 1538; x_wconf 82' lang='grc' dir='ltr'>Ἀρτεμίσιον</span> <span class='ocrx_word' id='word_1_116' title='bbox 425 1463 607 1542; x_wconf 80' lang='grc' dir='ltr'>ἐναυλόχεον,</span> <span class='ocrx_word' id='word_1_117' title='bbox 626 1465 816 1527; x_wconf 86' lang='grc' dir='ltr'>Ποσειδέωνος</span> <span class='ocrx_word' id='word_1_118' title='bbox 842 1466 970 1541; x_wconf 80' lang='grc' dir='ltr'>Σωτῆρος</span> 
     </span>
     <span class='ocr_line' id='line_1_17' title="bbox 169 1551 912 1628; baseline 0.005 -22"><span class='ocrx_word' id='word_1_119' title='bbox 169 1552 322 1626; x_wconf 87' lang='grc' dir='ltr'>ἐπωνυμίην</span> <span class='ocrx_word' id='word_1_120' title='bbox 335 1551 391 1610; x_wconf 84' lang='grc' dir='ltr'>οἶπδ</span> <span class='ocrx_word' id='word_1_121' title='bbox 405 1551 505 1611; x_wconf 72' lang='grc' dir='ltr'>τούτου</span> <span class='ocrx_word' id='word_1_122' title='bbox 519 1553 559 1610; x_wconf 86' lang='grc' dir='ltr'>ἔτι</span> <span class='ocrx_word' id='word_1_123' title='bbox 573 1553 618 1611; x_wconf 83' lang='grc' dir='ltr'>καὶ</span> <span class='ocrx_word' id='word_1_124' title='bbox 632 1557 659 1615; x_wconf 90' lang='grc' dir='ltr'>ἐς</span> <span class='ocrx_word' id='word_1_125' title='bbox 672 1552 736 1611; x_wconf 83' lang='grc' dir='ltr'>τόδε</span> <span class='ocrx_word' id='word_1_126' title='bbox 749 1554 912 1628; x_wconf 81' lang='grc' dir='ltr'>νομίζοντες.</span> 
     </span>
     <span class='ocr_line' id='line_1_18' title="bbox 122 1638 969 1717; baseline 0.007 -23"><span class='ocrx_word' id='word_1_127' title='bbox 122 1639 177 1694; x_wconf 86' lang='grc'>193</span> <span class='ocrx_word' id='word_1_128' title='bbox 222 1641 258 1696; x_wconf 87' lang='grc' dir='ltr'>Οἱ</span> <span class='ocrx_word' id='word_1_129' title='bbox 272 1638 301 1696; x_wconf 80' lang='grc' dir='ltr'>δὲ</span> <span class='ocrx_word' id='word_1_130' title='bbox 314 1638 469 1717; x_wconf 76' lang='grc' dir='ltr'>βάρβαροι,</span> <span class='ocrx_word' id='word_1_131' title='bbox 482 1640 517 1703; x_wconf 82' lang='grc' dir='ltr'>ῶς</span> <span class='ocrx_word' id='word_1_132' title='bbox 531 1639 675 1700; x_wconf 78' lang='grc' dir='ltr'>ἐπαύσατό</span> <span class='ocrx_word' id='word_1_133' title='bbox 688 1667 719 1699; x_wconf 93' lang='grc' dir='ltr'>τε</span> <span class='ocrx_word' id='word_1_134' title='bbox 733 1639 749 1699; x_wconf 84' lang='grc' dir='ltr'>ό</span> <span class='ocrx_word' id='word_1_135' title='bbox 763 1639 863 1717; x_wconf 78' lang='grc' dir='ltr'>ἄνεμος</span> <span class='ocrx_word' id='word_1_136' title='bbox 877 1642 969 1700; x_wconf 78' lang='grc' dir='ltr'>καὶτὰ</span> 
     </span>
     <span class='ocr_line' id='line_1_19' title="bbox 168 1728 970 1806; baseline 0.006 -22"><span class='ocrx_word' id='word_1_137' title='bbox 168 1730 241 1802; x_wconf 85' lang='grc' dir='ltr'>κῦμα</span> <span class='ocrx_word' id='word_1_138' title='bbox 268 1728 396 1806; x_wconf 88' lang='grc' dir='ltr'>ἔστρωτο,</span> <span class='ocrx_word' id='word_1_139' title='bbox 427 1729 659 1791; x_wconf 79' lang='grc' dir='ltr'>κατασπάσαντες</span> <span class='ocrx_word' id='word_1_140' title='bbox 694 1729 743 1791; x_wconf 72' lang='grc' dir='ltr'>πῶς</span> <span class='ocrx_word' id='word_1_141' title='bbox 776 1732 842 1804; x_wconf 86' lang='grc' dir='ltr'>νῆας</span> <span class='ocrx_word' id='word_1_142' title='bbox 869 1730 970 1789; x_wconf 81' lang='grc' dir='ltr'>ἔπλεον</span> 
     </span>
    </p>
   </div>
   <div class='ocr_carea' id='block_1_5' title="bbox 121 1815 970 3390">
    <p class='ocr_par' dir='ltr' id='par_1_5' title="bbox 166 1815 970 2688">
     <span class='ocr_line' id='line_1_20' title="bbox 167 1815 970 1896; baseline 0.009 -23"><span class='ocrx_word' id='word_1_143' title='bbox 167 1815 243 1892; x_wconf 70' lang='grc' dir='ltr'>παρὰ</span> <span class='ocrx_word' id='word_1_144' title='bbox 269 1816 321 1892; x_wconf 87' lang='grc' dir='ltr'>τὴν</span> <span class='ocrx_word' id='word_1_145' title='bbox 347 1816 470 1896; x_wconf 80' lang='grc' dir='ltr'>ἤπειρον·</span> <span class='ocrx_word' id='word_1_146' title='bbox 505 1817 666 1895; x_wconf 77' lang='grc' dir='ltr'>κάμψαντες</span> <span class='ocrx_word' id='word_1_147' title='bbox 688 1818 717 1875; x_wconf 89' lang='grc' dir='ltr'>δέ</span> <span class='ocrx_word' id='word_1_148' title='bbox 741 1815 793 1892; x_wconf 80' lang='grc' dir='ltr'>τὴν</span> <span class='ocrx_word' id='word_1_149' title='bbox 814 1815 900 1893; x_wconf 75' lang='grc' dir='ltr'>ἄκρην</span> <span class='ocrx_word' id='word_1_150' title='bbox 919 1822 970 1893; x_wconf 76' lang='grc' dir='ltr'>τῆς</span> 
     </span>
     <span class='ocr_line' id='line_1_21' title="bbox 168 1905 969 1985; baseline 0.005 -25"><span class='ocrx_word' id='word_1_151' title='bbox 168 1906 343 1985; x_wconf 88' lang='grc' dir='ltr'>Μαγνησίης,</span> <span class='ocrx_word' id='word_1_152' title='bbox 372 1907 458 1966; x_wconf 81' lang='grc' dir='ltr'>ἰθεῖαν</span> <span class='ocrx_word' id='word_1_153' title='bbox 482 1907 582 1964; x_wconf 86' lang='grc' dir='ltr'>ἔπλεον</span> <span class='ocrx_word' id='word_1_154' title='bbox 603 1910 630 1968; x_wconf 87' lang='grc' dir='ltr'>ἐς</span> <span class='ocrx_word' id='word_1_155' title='bbox 650 1906 699 1965; x_wconf 80' lang='grc' dir='ltr'>τόν</span> <span class='ocrx_word' id='word_1_156' title='bbox 721 1905 827 1964; x_wconf 89' lang='grc' dir='ltr'>κόλπον</span> <span class='ocrx_word' id='word_1_157' title='bbox 847 1905 896 1964; x_wconf 74' lang='grc' dir='ltr'>τόν</span> <span class='ocrx_word' id='word_1_158' title='bbox 924 1906 969 1964; x_wconf 82' lang='grc' dir='ltr'>ἐπὶ</span> 
     </span>
     <span class='ocr_line' id='line_1_22' title="bbox 168 1994 970 2074; baseline 0.004 -25"><span class='ocrx_word' id='word_1_159' title='bbox 168 1995 325 2074; x_wconf 81' lang='grc' dir='ltr'>Παγασέων</span> <span class='ocrx_word' id='word_1_160' title='bbox 350 1995 481 2071; x_wconf 88' lang='grc' dir='ltr'>φέροντα.</span> <span class='ocrx_word' id='word_1_161' title='bbox 524 1996 584 2053; x_wconf 89' lang='grc' dir='ltr'>ἔστι</span> <span class='ocrx_word' id='word_1_162' title='bbox 605 1994 634 2052; x_wconf 90' lang='grc' dir='ltr'>δέ</span> <span class='ocrx_word' id='word_1_163' title='bbox 654 1999 744 2073; x_wconf 89' lang='grc' dir='ltr'>χῶρος</span> <span class='ocrx_word' id='word_1_164' title='bbox 766 1999 794 2052; x_wconf 87' lang='grc' dir='ltr'>ἐν</span> <span class='ocrx_word' id='word_1_165' title='bbox 814 1997 852 2072; x_wconf 77' lang='grc' dir='ltr'>τῷ</span> <span class='ocrx_word' id='word_1_166' title='bbox 873 1994 970 2074; x_wconf 79' lang='grc' dir='ltr'>κόλπῳ</span> 
     </span>
     <span class='ocr_line' id='line_1_23' title="bbox 168 2079 970 2163; baseline 0.002 -25"><span class='ocrx_word' id='word_1_167' title='bbox 168 2079 256 2160; x_wconf 76' lang='grc' dir='ltr'>τούτῳ</span> <span class='ocrx_word' id='word_1_168' title='bbox 275 2086 325 2157; x_wconf 81' lang='grc' dir='ltr'>τῆς</span> <span class='ocrx_word' id='word_1_169' title='bbox 347 2083 520 2162; x_wconf 87' lang='grc' dir='ltr'>Μαγνησίης,</span> <span class='ocrx_word' id='word_1_170' title='bbox 538 2083 603 2142; x_wconf 86' lang='grc' dir='ltr'>ἔνθα</span> <span class='ocrx_word' id='word_1_171' title='bbox 624 2083 736 2163; x_wconf 86' lang='grc' dir='ltr'>λέγεται</span> <span class='ocrx_word' id='word_1_172' title='bbox 756 2081 806 2142; x_wconf 80' lang='grc' dir='ltr'>τόν</span> <span class='ocrx_word' id='word_1_173' title='bbox 826 2081 970 2157; x_wconf 88' lang='grc' dir='ltr'>Ἡρακλέα</span> 
     </span>
     <span class='ocr_line' id='line_1_24' title="bbox 167 2169 970 2246; baseline 0.006 -21"><span class='ocrx_word' id='word_1_174' title='bbox 167 2170 389 2244; x_wconf 75' lang='grc' dir='ltr'>καταλειφθῆναι</span> <span class='ocrx_word' id='word_1_175' title='bbox 405 2169 459 2228; x_wconf 77' lang='grc' dir='ltr'>ὑπὸ</span> <span class='ocrx_word' id='word_1_176' title='bbox 471 2169 598 2244; x_wconf 82' lang='grc' dir='ltr'>Ἰἡσονός</span> <span class='ocrx_word' id='word_1_177' title='bbox 618 2197 649 2229; x_wconf 88' lang='grc' dir='ltr'>τε</span> <span class='ocrx_word' id='word_1_178' title='bbox 666 2170 711 2228; x_wconf 87' lang='grc' dir='ltr'>καὶ</span> <span class='ocrx_word' id='word_1_179' title='bbox 729 2175 784 2230; x_wconf 89' lang='grc' dir='ltr'>τῶν</span> <span class='ocrx_word' id='word_1_180' title='bbox 801 2170 970 2246; x_wconf 84' lang='grc' dir='ltr'>συνεταίρων</span> 
     </span>
     <span class='ocr_line' id='line_1_25' title="bbox 168 2256 969 2337; baseline 0.006 -24"><span class='ocrx_word' id='word_1_181' title='bbox 168 2259 197 2313; x_wconf 89' lang='grc' dir='ltr'>ἐκ</span> <span class='ocrx_word' id='word_1_182' title='bbox 218 2259 268 2330; x_wconf 82' lang='grc' dir='ltr'>τῆς</span> <span class='ocrx_word' id='word_1_183' title='bbox 289 2256 407 2337; x_wconf 83' lang='grc' dir='ltr'>Ἀργοῦς</span> <span class='ocrx_word' id='word_1_184' title='bbox 429 2256 471 2315; x_wconf 85' lang='grc' dir='ltr'>ἐπ’</span> <span class='ocrx_word' id='word_1_185' title='bbox 495 2258 566 2336; x_wconf 84' lang='grc' dir='ltr'>ὕδωρ</span> <span class='ocrx_word' id='word_1_186' title='bbox 591 2259 763 2335; x_wconf 85' lang='grc' dir='ltr'>πεμφθέντα,</span> <span class='ocrx_word' id='word_1_187' title='bbox 790 2257 842 2317; x_wconf 78' lang='grc' dir='ltr'>εὖτ’</span> <span class='ocrx_word' id='word_1_188' title='bbox 867 2258 912 2316; x_wconf 82' lang='grc' dir='ltr'>ἐπὶ</span> <span class='ocrx_word' id='word_1_189' title='bbox 935 2258 969 2318; x_wconf 80' lang='grc' dir='ltr'>τό</span> 
     </span>
     <span class='ocr_line' id='line_1_26' title="bbox 167 2345 969 2425; baseline 0.005 -25"><span class='ocrx_word' id='word_1_190' title='bbox 167 2347 237 2406; x_wconf 86' lang='grc' dir='ltr'>κῶας</span> <span class='ocrx_word' id='word_1_191' title='bbox 258 2345 358 2404; x_wconf 86' lang='grc' dir='ltr'>ἔπλεον</span> <span class='ocrx_word' id='word_1_192' title='bbox 379 2349 405 2407; x_wconf 88' lang='grc' dir='ltr'>ἐς</span> <span class='ocrx_word' id='word_1_193' title='bbox 426 2345 497 2404; x_wconf 73' lang='grc' dir='ltr'>Αἶαν</span> <span class='ocrx_word' id='word_1_194' title='bbox 517 2346 568 2422; x_wconf 84' lang='grc' dir='ltr'>τὴν</span> <span class='ocrx_word' id='word_1_195' title='bbox 589 2347 729 2425; x_wconf 81' lang='grc' dir='ltr'>Κολχίδα·</span> <span class='ocrx_word' id='word_1_196' title='bbox 771 2346 893 2406; x_wconf 81' lang='grc' dir='ltr'>ἐνθεῦτεν</span> <span class='ocrx_word' id='word_1_197' title='bbox 914 2345 969 2425; x_wconf 77' lang='grc' dir='ltr'>γδρ</span> 
     </span>
     <span class='ocr_line' id='line_1_27' title="bbox 167 2431 969 2514; baseline 0.002 -25"><span class='ocrx_word' id='word_1_198' title='bbox 167 2431 287 2508; x_wconf 89' lang='grc' dir='ltr'>ἔμελλον</span> <span class='ocrx_word' id='word_1_199' title='bbox 306 2431 506 2510; x_wconf 79' lang='grc' dir='ltr'>ὑδρευσόμενοι</span> <span class='ocrx_word' id='word_1_200' title='bbox 528 2440 554 2497; x_wconf 92' lang='grc' dir='ltr'>ἐς</span> <span class='ocrx_word' id='word_1_201' title='bbox 574 2434 607 2494; x_wconf 79' lang='grc' dir='ltr'>τό</span> <span class='ocrx_word' id='word_1_202' title='bbox 626 2435 750 2514; x_wconf 90' lang='grc' dir='ltr'>πέλαγος</span> <span class='ocrx_word' id='word_1_203' title='bbox 768 2432 905 2510; x_wconf 64' lang='grc' dir='ltr'>(ἐφήσεινπ</span> <span class='ocrx_word' id='word_1_204' title='bbox 923 2435 969 2492; x_wconf 78' lang='grc' dir='ltr'>ἐπὶ</span> 
     </span>
     <span class='ocr_line' id='line_1_28' title="bbox 166 2518 969 2605; baseline 0.004 -27"><span class='ocrx_word' id='word_1_205' title='bbox 166 2518 265 2579; x_wconf 86' lang='grc' dir='ltr'>τοότου</span> <span class='ocrx_word' id='word_1_206' title='bbox 291 2521 320 2579; x_wconf 87' lang='grc' dir='ltr'>δέ</span> <span class='ocrx_word' id='word_1_207' title='bbox 346 2525 384 2600; x_wconf 76' lang='grc' dir='ltr'>τῷ</span> <span class='ocrx_word' id='word_1_208' title='bbox 407 2521 487 2602; x_wconf 82' lang='grc' dir='ltr'>χόριρ</span> <span class='ocrx_word' id='word_1_209' title='bbox 514 2521 619 2598; x_wconf 79' lang='grc' dir='ltr'>οὔνομα</span> <span class='ocrx_word' id='word_1_210' title='bbox 646 2523 744 2605; x_wconf 87' lang='grc' dir='ltr'>γέγονε</span> <span class='ocrx_word' id='word_1_211' title='bbox 769 2520 896 2598; x_wconf 78' lang='grc' dir='ltr'>Ἀφέται.</span> <span class='ocrx_word' id='word_1_212' title='bbox 940 2526 969 2581; x_wconf 81' lang='grc' dir='ltr'>ἐν</span> 
     </span>
     <span class='ocr_line' id='line_1_29' title="bbox 167 2607 733 2688; baseline 0.005 -21"><span class='ocrx_word' id='word_1_213' title='bbox 167 2608 253 2688; x_wconf 79' lang='grc' dir='ltr'>τούτῳ</span> <span class='ocrx_word' id='word_1_214' title='bbox 267 2609 304 2669; x_wconf 83' lang='grc' dir='ltr'>ὦν</span> <span class='ocrx_word' id='word_1_215' title='bbox 318 2607 406 2686; x_wconf 86' lang='grc' dir='ltr'>ὅρμον</span> <span class='ocrx_word' id='word_1_216' title='bbox 421 2613 447 2670; x_wconf 84' lang='grc' dir='ltr'>οἱ</span> <span class='ocrx_word' id='word_1_217' title='bbox 460 2611 568 2688; x_wconf 78' lang='grc' dir='ltr'>Ξέρξεω</span> <span class='ocrx_word' id='word_1_218' title='bbox 583 2615 733 2670; x_wconf 81' lang='grc' dir='ltr'>ἐποιεῦντο.</span> 
     </span>
    </p>

    <p class='ocr_par' dir='ltr' id='par_1_6' title="bbox 121 2697 970 2866">
     <span class='ocr_line' id='line_1_30' title="bbox 121 2697 969 2776; baseline 0.002 -20"><span class='ocrx_word' id='word_1_219' title='bbox 121 2700 177 2776; x_wconf 84' lang='grc'>194</span> <span class='ocrx_word' id='word_1_220' title='bbox 221 2699 421 2757; x_wconf 87' lang='grc' dir='ltr'>Πεντεκαίδεκα</span> <span class='ocrx_word' id='word_1_221' title='bbox 449 2699 478 2758; x_wconf 87' lang='grc' dir='ltr'>δὲ</span> <span class='ocrx_word' id='word_1_222' title='bbox 504 2704 558 2759; x_wconf 85' lang='grc' dir='ltr'>τῶν</span> <span class='ocrx_word' id='word_1_223' title='bbox 585 2703 656 2774; x_wconf 88' lang='grc' dir='ltr'>νηῶν</span> <span class='ocrx_word' id='word_1_224' title='bbox 679 2699 795 2758; x_wconf 91' lang='grc' dir='ltr'>τουτέων</span> <span class='ocrx_word' id='word_1_225' title='bbox 819 2697 916 2776; x_wconf 90' lang='grc' dir='ltr'>ἔτυχόν</span> <span class='ocrx_word' id='word_1_226' title='bbox 937 2725 969 2758; x_wconf 89' lang='grc' dir='ltr'>τε</span> 
     </span>
     <span class='ocr_line' id='line_1_31' title="bbox 166 2784 970 2866; baseline 0 -22"><span class='ocrx_word' id='word_1_227' title='bbox 166 2784 283 2845; x_wconf 80' lang='grc' dir='ltr'>ὕσταται</span> <span class='ocrx_word' id='word_1_228' title='bbox 299 2787 409 2846; x_wconf 81' lang='grc' dir='ltr'>πολλόν</span> <span class='ocrx_word' id='word_1_229' title='bbox 426 2787 630 2866; x_wconf 83' lang='grc' dir='ltr'>ἐξαναχθεῖσαι,</span> <span class='ocrx_word' id='word_1_230' title='bbox 646 2789 694 2846; x_wconf 87' lang='grc' dir='ltr'>καί</span> <span class='ocrx_word' id='word_1_231' title='bbox 710 2814 762 2849; x_wconf 91' lang='grc' dir='ltr'>κως</span> <span class='ocrx_word' id='word_1_232' title='bbox 778 2785 903 2845; x_wconf 81' lang='grc' dir='ltr'>κατεῖδον</span> <span class='ocrx_word' id='word_1_233' title='bbox 918 2786 970 2849; x_wconf 75' lang='grc' dir='ltr'>τῶς</span> 
     </span>
    </p>

    <p class='ocr_par' dir='ltr' id='par_1_7' title="bbox 124 2873 970 3390">
     <span class='ocr_line' id='line_1_32' title="bbox 124 2873 969 2953; baseline 0 -21"><span class='ocrx_word' id='word_1_234' title='bbox 124 2928 131 2940; x_wconf 89' lang='grc'>,</span> <span class='ocrx_word' id='word_1_235' title='bbox 168 2873 209 2932; x_wconf 88' lang='grc' dir='ltr'>ἐπ’</span> <span class='ocrx_word' id='word_1_236' title='bbox 223 2873 389 2953; x_wconf 80' lang='grc' dir='ltr'>Ἀρτεμισίῳ</span> <span class='ocrx_word' id='word_1_237' title='bbox 402 2875 614 2950; x_wconf 87' lang='grc' dir='ltr'>τῶνἙλλήνων</span> <span class='ocrx_word' id='word_1_238' title='bbox 628 2879 703 2950; x_wconf 81' lang='grc' dir='ltr'>νῆας,</span> <span class='ocrx_word' id='word_1_239' title='bbox 716 2873 812 2944; x_wconf 76' lang='grc' dir='ltr'>ἔδοξάν</span> <span class='ocrx_word' id='word_1_240' title='bbox 825 2900 855 2932; x_wconf 91' lang='grc' dir='ltr'>τε</span> <span class='ocrx_word' id='word_1_241' title='bbox 870 2873 903 2949; x_wconf 87' lang='grc' dir='ltr'>δὴ</span> <span class='ocrx_word' id='word_1_242' title='bbox 918 2873 969 2938; x_wconf 77' lang='grc' dir='ltr'>τῶς</span> 
     </span>
     <span class='ocr_line' id='line_1_33' title="bbox 166 2961 970 3038; baseline 0.006 -20"><span class='ocrx_word' id='word_1_243' title='bbox 166 2962 305 3036; x_wconf 89' lang='grc' dir='ltr'>σφετέρας</span> <span class='ocrx_word' id='word_1_244' title='bbox 323 2961 391 3020; x_wconf 76' lang='grc' dir='ltr'>εἶναι</span> <span class='ocrx_word' id='word_1_245' title='bbox 411 2965 437 3020; x_wconf 86' lang='grc' dir='ltr'>οἱ</span> <span class='ocrx_word' id='word_1_246' title='bbox 449 2962 604 3038; x_wconf 77' lang='grc' dir='ltr'>βάρβαροι,</span> <span class='ocrx_word' id='word_1_247' title='bbox 620 2963 665 3020; x_wconf 83' lang='grc' dir='ltr'>καὶ</span> <span class='ocrx_word' id='word_1_248' title='bbox 683 2963 816 3024; x_wconf 84' lang='grc' dir='ltr'>πλέοντες</span> <span class='ocrx_word' id='word_1_249' title='bbox 830 2963 970 3022; x_wconf 87' lang='grc' dir='ltr'>ἐσέπεσον</span> 
     </span>
     <span class='ocr_line' id='line_1_34' title="bbox 166 3047 970 3131; baseline 0.007 -27"><span class='ocrx_word' id='word_1_250' title='bbox 166 3052 193 3110; x_wconf 89' lang='grc' dir='ltr'>ἐς</span> <span class='ocrx_word' id='word_1_251' title='bbox 213 3047 277 3109; x_wconf 74' lang='grc' dir='ltr'>τοῦς</span> <span class='ocrx_word' id='word_1_252' title='bbox 296 3050 456 3124; x_wconf 90' lang='grc' dir='ltr'>πολεμίους·</span> <span class='ocrx_word' id='word_1_253' title='bbox 484 3053 539 3108; x_wconf 87' lang='grc' dir='ltr'>τῶν</span> <span class='ocrx_word' id='word_1_254' title='bbox 560 3049 728 3131; x_wconf 74' lang='grc' dir='ltr'>ἐστρατήγεε</span> <span class='ocrx_word' id='word_1_255' title='bbox 749 3049 765 3109; x_wconf 87' lang='grc' dir='ltr'>ό</span> <span class='ocrx_word' id='word_1_256' title='bbox 786 3049 842 3109; x_wconf 81' lang='grc' dir='ltr'>α’πὸ</span> <span class='ocrx_word' id='word_1_257' title='bbox 869 3049 970 3126; x_wconf 77' lang='grc' dir='ltr'>Κύμης</span> 
     </span>
     <span class='ocr_line' id='line_1_35' title="bbox 166 3134 970 3214; baseline 0.009 -22"><span class='ocrx_word' id='word_1_258' title='bbox 166 3139 215 3207; x_wconf 83' lang='grc' dir='ltr'>τῆς</span> <span class='ocrx_word' id='word_1_259' title='bbox 238 3135 367 3197; x_wconf 83' lang='grc' dir='ltr'>Αἰολίδος</span> <span class='ocrx_word' id='word_1_260' title='bbox 388 3134 513 3214; x_wconf 79' lang='grc' dir='ltr'>ὕπαρχος</span> <span class='ocrx_word' id='word_1_261' title='bbox 535 3137 680 3211; x_wconf 83' lang='grc' dir='ltr'>Σανδώκης</span> <span class='ocrx_word' id='word_1_262' title='bbox 699 3139 714 3197; x_wconf 84' lang='grc' dir='ltr'>ὁ</span> <span class='ocrx_word' id='word_1_263' title='bbox 738 3138 896 3214; x_wconf 85' lang='grc' dir='ltr'>Θαμασίου·</span> <span class='ocrx_word' id='word_1_264' title='bbox 918 3139 970 3199; x_wconf 77' lang='grc' dir='ltr'>τόν</span> 
     </span>
     <span class='ocr_line' id='line_1_36' title="bbox 166 3219 970 3306; baseline 0.011 -30"><span class='ocrx_word' id='word_1_265' title='bbox 166 3219 200 3293; x_wconf 86' lang='grc' dir='ltr'>δὴ</span> <span class='ocrx_word' id='word_1_266' title='bbox 225 3220 359 3296; x_wconf 88' lang='grc' dir='ltr'>πρότερον</span> <span class='ocrx_word' id='word_1_267' title='bbox 382 3221 485 3281; x_wconf 88' lang='grc' dir='ltr'>τοότων</span> <span class='ocrx_word' id='word_1_268' title='bbox 508 3224 647 3299; x_wconf 76' lang='grc' dir='ltr'>βασιλεός</span> <span class='ocrx_word' id='word_1_269' title='bbox 671 3230 807 3302; x_wconf 67' lang='grc' dir='ltr'>Δαρεῖος,</span> <span class='ocrx_word' id='word_1_270' title='bbox 826 3225 868 3284; x_wconf 86' lang='grc' dir='ltr'>ἐπ’</span> <span class='ocrx_word' id='word_1_271' title='bbox 893 3229 970 3306; x_wconf 79' lang='grc' dir='ltr'>αἰτίη</span> 
     </span>
     <span class='ocr_line' id='line_1_37' title="bbox 166 3306 970 3390; baseline 0.015 -28"><span class='ocrx_word' id='word_1_272' title='bbox 166 3306 257 3379; x_wconf 80' lang='grc' dir='ltr'>τοιῇδε</span> <span class='ocrx_word' id='word_1_273' title='bbox 276 3308 376 3381; x_wconf 83' lang='grc' dir='ltr'>λοβῶν</span> <span class='ocrx_word' id='word_1_274' title='bbox 396 3307 599 3383; x_wconf 77' lang='grc' dir='ltr'>ἀνεσταύρωσε,</span> <span class='ocrx_word' id='word_1_275' title='bbox 624 3311 705 3371; x_wconf 88' lang='grc' dir='ltr'>ἐόντα</span> <span class='ocrx_word' id='word_1_276' title='bbox 728 3318 783 3373; x_wconf 90' lang='grc' dir='ltr'>τῶν</span> <span class='ocrx_word' id='word_1_277' title='bbox 805 3315 970 3390; x_wconf 74' lang='grc' dir='ltr'>βασιληίων</span> 
     </span>
    </p>
   </div>
   <div class='ocr_carea' id='block_1_6' title="bbox 0 0 1146 3550">
    <p class='ocr_par' dir='ltr' id='par_1_8' title="bbox 0 0 1146 3550">
     <span class='ocr_line' id='line_1_38' title="bbox 0 0 1146 3550; baseline 0 0"><span class='ocrx_word' id='word_1_278' title='bbox 0 0 1146 3550; x_wconf 95' lang='lat' dir='ltr'> </span> 
     </span>
    </p>
   </div>
  </div>
 </body>
</html>
