<?xml version="1.0" encoding="UTF-8"?>
<!DOCTYPE html PUBLIC "-//W3C//DTD XHTML 1.0 Transitional//EN"
    "http://www.w3.org/TR/xhtml1/DTD/xhtml1-transitional.dtd">
<html xmlns="http://www.w3.org/1999/xhtml" xml:lang="en" lang="en">
 <head>
  <title>
</title>
<meta http-equiv="Content-Type" content="text/html;charset=utf-8" />
  <meta name='ocr-system' content='tesseract 3.04.00' />
  <meta name='ocr-capabilities' content='ocr_page ocr_carea ocr_par ocr_line ocrx_word'/>
</head>
<body>
  <div class='ocr_page' id='page_1' title='image "./herodotusrecens00blakgoog_0082.png"; bbox 0 0 2258 3568; ppageno 0'>
   <div class='ocr_carea' id='block_1_1' title="bbox 103 126 959 3364">
    <p class='ocr_par' dir='ltr' id='par_1_1' title="bbox 103 126 959 3364">
     <span class='ocr_line' id='line_1_1' title="bbox 147 126 946 192; baseline -0.003 -14"><span class='ocrx_word' id='word_1_1' title='bbox 147 130 177 180; x_wconf 80' lang='grc' dir='ltr'>τι</span> <span class='ocrx_word' id='word_1_2' title='bbox 454 127 638 177; x_wconf 73' lang='grc' dir='ltr'>Ἥοοαοτοτ</span> <span class='ocrx_word' id='word_1_3' title='bbox 886 126 946 192; x_wconf 74' lang='grc' dir='ltr'>[τι.</span> 
     </span>
     <span class='ocr_line' id='line_1_2' title="bbox 147 203 948 286; baseline 0.002 -23"><span class='ocrx_word' id='word_1_4' title='bbox 147 207 195 264; x_wconf 78' lang='grc' dir='ltr'>ἐπὶ</span> <span class='ocrx_word' id='word_1_5' title='bbox 217 206 307 268; x_wconf 80' lang='grc' dir='ltr'>πλέον</span> <span class='ocrx_word' id='word_1_6' title='bbox 329 207 438 286; x_wconf 87' lang='grc' dir='ltr'>ἐγένετο</span> <span class='ocrx_word' id='word_1_7' title='bbox 460 206 565 266; x_wconf 83' lang='grc' dir='ltr'>τούτων</span> <span class='ocrx_word' id='word_1_8' title='bbox 589 211 616 270; x_wconf 88' lang='grc' dir='ltr'>ἐς</span> <span class='ocrx_word' id='word_1_9' title='bbox 640 208 729 270; x_wconf 82' lang='grc' dir='ltr'>νεῖκος</span> <span class='ocrx_word' id='word_1_10' title='bbox 752 205 841 282; x_wconf 94' lang='grc' dir='ltr'>φέρον</span> <span class='ocrx_word' id='word_1_11' title='bbox 859 203 948 274; x_wconf 84' lang='grc' dir='ltr'><strong><em>Ἴωσι,</em></strong></span> 
     </span>
     <span class='ocr_line' id='line_1_3' title="bbox 148 292 949 373; baseline 0 -21"><span class='ocrx_word' id='word_1_12' title='bbox 148 292 225 352; x_wconf 83' lang='grc' dir='ltr'>ἀλλά</span> <span class='ocrx_word' id='word_1_13' title='bbox 238 293 304 353; x_wconf 89' lang='grc' dir='ltr'>τάδε</span> <span class='ocrx_word' id='word_1_14' title='bbox 325 297 377 371; x_wconf 79' lang='grc' dir='ltr'>μὲν</span> <span class='ocrx_word' id='word_1_15' title='bbox 394 293 523 371; x_wconf 87' lang='grc' dir='ltr'>χρήσιμα</span> <span class='ocrx_word' id='word_1_16' title='bbox 544 292 632 370; x_wconf 87' lang='grc' dir='ltr'>κάρτα</span> <span class='ocrx_word' id='word_1_17' title='bbox 652 297 729 352; x_wconf 81' lang='grc' dir='ltr'>τοῖσι</span> <span class='ocrx_word' id='word_1_18' title='bbox 740 292 822 352; x_wconf 85' lang='grc' dir='ltr'>Ἴωσι</span> <span class='ocrx_word' id='word_1_19' title='bbox 841 294 949 373; x_wconf 80' lang='grc' dir='ltr'>ἐγένετο</span> 
     </span>
     <span class='ocr_line' id='line_1_4' title="bbox 147 379 949 459; baseline 0.002 -19"><span class='ocrx_word' id='word_1_20' title='bbox 147 380 247 441; x_wconf 88' lang='grc' dir='ltr'>τούτου</span> <span class='ocrx_word' id='word_1_21' title='bbox 261 385 312 442; x_wconf 83' lang='grc' dir='ltr'>τοῦ</span> <span class='ocrx_word' id='word_1_22' title='bbox 326 384 408 445; x_wconf 82' lang='grc' dir='ltr'>ἔτεος.</span> <span class='ocrx_word' id='word_1_23' title='bbox 443 380 635 459; x_wconf 78' lang='grc' dir='ltr'>Ἀρταφέρνης</span> <span class='ocrx_word' id='word_1_24' title='bbox 648 381 664 440; x_wconf 88' lang='grc' dir='ltr'>ό</span> <span class='ocrx_word' id='word_1_25' title='bbox 679 381 802 457; x_wconf 78' lang='grc' dir='ltr'>Σαρδίων</span> <span class='ocrx_word' id='word_1_26' title='bbox 815 379 949 459; x_wconf 81' lang='grc' dir='ltr'>ὕπαρχος,</span> 
     </span>
     <span class='ocr_line' id='line_1_5' title="bbox 147 467 951 549; baseline -0.001 -22"><span class='ocrx_word' id='word_1_27' title='bbox 147 470 400 547; x_wconf 83' lang='grc' dir='ltr'>μεταπεμψάμενος</span> <span class='ocrx_word' id='word_1_28' title='bbox 418 470 555 549; x_wconf 87' lang='grc' dir='ltr'>ἀγγέλους</span> <span class='ocrx_word' id='word_1_29' title='bbox 569 474 598 528; x_wconf 79' lang='grc' dir='ltr'>ἐκ</span> <span class='ocrx_word' id='word_1_30' title='bbox 612 474 667 528; x_wconf 77' lang='grc' dir='ltr'>τῶν</span> <span class='ocrx_word' id='word_1_31' title='bbox 682 469 789 528; x_wconf 89' lang='grc' dir='ltr'>πολίων</span> <span class='ocrx_word' id='word_1_32' title='bbox 809 467 951 544; x_wconf 75' lang='grc' dir='ltr'>συνθήκας</span> 
     </span>
     <span class='ocr_line' id='line_1_6' title="bbox 149 555 952 638; baseline -0.005 -20"><span class='ocrx_word' id='word_1_33' title='bbox 149 559 238 633; x_wconf 88' lang='grc' dir='ltr'>σφίσι</span> <span class='ocrx_word' id='word_1_34' title='bbox 259 557 371 617; x_wconf 85' lang='grc' dir='ltr'>αύτοῖσι</span> <span class='ocrx_word' id='word_1_35' title='bbox 389 557 453 620; x_wconf 76' lang='grc' dir='ltr'>τούς</span> <span class='ocrx_word' id='word_1_36' title='bbox 468 555 565 619; x_wconf 86' lang='grc' dir='ltr'>Ἴωνας</span> <span class='ocrx_word' id='word_1_37' title='bbox 581 555 724 638; x_wconf 81' lang='grc' dir='ltr'>η’νόγκασε</span> <span class='ocrx_word' id='word_1_38' title='bbox 737 556 893 626; x_wconf 81' lang='grc' dir='ltr'>ποιέεσθαι,</span> <span class='ocrx_word' id='word_1_39' title='bbox 907 557 952 616; x_wconf 80' lang='grc' dir='ltr'>ἵνα</span> 
     </span>
     <span class='ocr_line' id='line_1_7' title="bbox 149 643 950 725; baseline -0.004 -21"><span class='ocrx_word' id='word_1_40' title='bbox 149 645 285 706; x_wconf 86' lang='grc' dir='ltr'>δοσίδικοι</span> <span class='ocrx_word' id='word_1_41' title='bbox 299 645 352 705; x_wconf 82' lang='grc' dir='ltr'>εἶεν</span> <span class='ocrx_word' id='word_1_42' title='bbox 366 647 412 704; x_wconf 89' lang='grc' dir='ltr'>καὶ</span> <span class='ocrx_word' id='word_1_43' title='bbox 425 645 466 722; x_wconf 80' lang='grc' dir='ltr'>μή</span> <span class='ocrx_word' id='word_1_44' title='bbox 475 643 619 719; x_wconf 72' lang='grc' dir='ltr'>ἀλλήλους</span> <span class='ocrx_word' id='word_1_45' title='bbox 629 644 742 722; x_wconf 86' lang='grc' dir='ltr'>φέροιέν</span> <span class='ocrx_word' id='word_1_46' title='bbox 749 669 780 703; x_wconf 91' lang='grc' dir='ltr'>τε</span> <span class='ocrx_word' id='word_1_47' title='bbox 790 643 836 702; x_wconf 82' lang='grc' dir='ltr'>καὶ</span> <span class='ocrx_word' id='word_1_48' title='bbox 846 643 950 725; x_wconf 84' lang='grc' dir='ltr'>άγοιεν,</span> 
     </span>
     <span class='ocr_line' id='line_1_8' title="bbox 149 730 952 814; baseline 0 -22"><span class='ocrx_word' id='word_1_49' title='bbox 149 733 237 792; x_wconf 81' lang='grc' dir='ltr'>ταῦτά</span> <span class='ocrx_word' id='word_1_50' title='bbox 261 759 291 792; x_wconf 90' lang='grc' dir='ltr'>τε</span> <span class='ocrx_word' id='word_1_51' title='bbox 314 733 457 814; x_wconf 86' lang='grc' dir='ltr'>ήνάγκασε</span> <span class='ocrx_word' id='word_1_52' title='bbox 480 733 584 792; x_wconf 78' lang='grc' dir='ltr'>ποιέειν</span> <span class='ocrx_word' id='word_1_53' title='bbox 606 734 652 792; x_wconf 87' lang='grc' dir='ltr'>καὶ</span> <span class='ocrx_word' id='word_1_54' title='bbox 670 731 720 796; x_wconf 86' lang='grc' dir='ltr'>τάς</span> <span class='ocrx_word' id='word_1_55' title='bbox 740 730 833 810; x_wconf 79' lang='grc' dir='ltr'>χώρας</span> <span class='ocrx_word' id='word_1_56' title='bbox 854 732 952 808; x_wconf 91' lang='grc' dir='ltr'>σφέων</span> 
     </span>
     <span class='ocr_line' id='line_1_9' title="bbox 149 819 953 901; baseline 0 -21"><span class='ocrx_word' id='word_1_57' title='bbox 149 821 293 898; x_wconf 78' lang='grc' dir='ltr'>μετρήσας</span> <span class='ocrx_word' id='word_1_58' title='bbox 323 821 393 880; x_wconf 88' lang='grc' dir='ltr'>κατά</span> <span class='ocrx_word' id='word_1_59' title='bbox 422 819 729 901; x_wconf 66' lang='grc' dir='ltr'>παρασάγγας-τούς</span> <span class='ocrx_word' id='word_1_60' title='bbox 759 820 893 880; x_wconf 87' lang='grc' dir='ltr'>καλέουσι</span> <span class='ocrx_word' id='word_1_61' title='bbox 925 823 953 880; x_wconf 87' lang='grc' dir='ltr'>οί</span> 
     </span>
     <span class='ocr_line' id='line_1_10' title="bbox 151 899 953 985; baseline 0.004 -18"><span class='ocrx_word' id='word_1_62' title='bbox 151 909 263 985; x_wconf 78' lang='grc' dir='ltr'>Πέρσαι</span> <span class='ocrx_word' id='word_1_63' title='bbox 289 908 324 969; x_wconf 89' lang='grc' dir='ltr'>τά</span> <span class='ocrx_word' id='word_1_64' title='bbox 350 908 499 985; x_wconf 83' lang='grc' dir='ltr'>τριήκοντα</span> <span class='ocrx_word' id='word_1_65' title='bbox 526 899 748 978; x_wconf 61' lang='grc' dir='ltr'>στάδια-κατά</span> <span class='ocrx_word' id='word_1_66' title='bbox 774 907 808 984; x_wconf 79' lang='grc' dir='ltr'>δὴ</span> <span class='ocrx_word' id='word_1_67' title='bbox 838 907 953 972; x_wconf 76' lang='grc' dir='ltr'>τούτους</span> 
     </span>
     <span class='ocr_line' id='line_1_11' title="bbox 150 995 954 1075; baseline 0.001 -20"><span class='ocrx_word' id='word_1_68' title='bbox 150 996 294 1074; x_wconf 83' lang='grc' dir='ltr'>μετρήσας</span> <span class='ocrx_word' id='word_1_69' title='bbox 315 996 420 1074; x_wconf 90' lang='grc' dir='ltr'>φόρους</span> <span class='ocrx_word' id='word_1_70' title='bbox 442 998 520 1066; x_wconf 80' lang='grc' dir='ltr'>ἔταξε</span> <span class='ocrx_word' id='word_1_71' title='bbox 545 996 699 1066; x_wconf 76' lang='grc' dir='ltr'>ἑκάστοισι,</span> <span class='ocrx_word' id='word_1_72' title='bbox 719 997 746 1056; x_wconf 77' lang='grc' dir='ltr'>οἳ</span> <span class='ocrx_word' id='word_1_73' title='bbox 768 995 838 1055; x_wconf 86' lang='grc' dir='ltr'>κατά</span> <span class='ocrx_word' id='word_1_74' title='bbox 858 996 954 1075; x_wconf 81' lang='grc' dir='ltr'>χόρην</span> 
     </span>
     <span class='ocr_line' id='line_1_12' title="bbox 151 1083 954 1164; baseline 0 -20"><span class='ocrx_word' id='word_1_75' title='bbox 151 1085 326 1146; x_wconf 84' lang='grc' dir='ltr'>διατελέουσι</span> <span class='ocrx_word' id='word_1_76' title='bbox 348 1090 456 1164; x_wconf 84' lang='grc' dir='ltr'>ἔχοντες</span> <span class='ocrx_word' id='word_1_77' title='bbox 479 1089 508 1144; x_wconf 89' lang='grc' dir='ltr'>ἐκ</span> <span class='ocrx_word' id='word_1_78' title='bbox 529 1084 629 1145; x_wconf 90' lang='grc' dir='ltr'>τούτου</span> <span class='ocrx_word' id='word_1_79' title='bbox 651 1089 701 1144; x_wconf 83' lang='grc' dir='ltr'>τοῦ</span> <span class='ocrx_word' id='word_1_80' title='bbox 719 1083 821 1163; x_wconf 92' lang='grc' dir='ltr'>χρόνου</span> <span class='ocrx_word' id='word_1_81' title='bbox 840 1085 893 1143; x_wconf 79' lang='grc' dir='ltr'>αἰεὶ</span> <span class='ocrx_word' id='word_1_82' title='bbox 913 1086 954 1144; x_wconf 86' lang='grc' dir='ltr'>ἔτι</span> 
     </span>
     <span class='ocr_line' id='line_1_13' title="bbox 152 1171 954 1252; baseline -0.001 -21"><span class='ocrx_word' id='word_1_83' title='bbox 152 1173 198 1232; x_wconf 81' lang='grc' dir='ltr'>καὶ</span> <span class='ocrx_word' id='word_1_84' title='bbox 211 1179 238 1236; x_wconf 88' lang='grc' dir='ltr'>ἐς</span> <span class='ocrx_word' id='word_1_85' title='bbox 252 1177 308 1251; x_wconf 76' lang='grc' dir='ltr'>ἐμὲ,</span> <span class='ocrx_word' id='word_1_86' title='bbox 324 1173 359 1237; x_wconf 82' lang='grc' dir='ltr'>αἷς</span> <span class='ocrx_word' id='word_1_87' title='bbox 374 1173 535 1252; x_wconf 80' lang='grc' dir='ltr'>ἐτάχθησαν</span> <span class='ocrx_word' id='word_1_88' title='bbox 554 1173 585 1242; x_wconf 81' lang='grc' dir='ltr'>ἐξ</span> <span class='ocrx_word' id='word_1_89' title='bbox 601 1172 813 1250; x_wconf 85' lang='grc' dir='ltr'>Ἀρταφέρνεος·</span> <span class='ocrx_word' id='word_1_90' title='bbox 835 1171 954 1250; x_wconf 86' lang='grc' dir='ltr'>ἐτάχθη-</span> 
     </span>
     <span class='ocr_line' id='line_1_14' title="bbox 151 1259 954 1340; baseline 0 -20"><span class='ocrx_word' id='word_1_91' title='bbox 151 1287 207 1320; x_wconf 91' lang='grc' dir='ltr'>σαν</span> <span class='ocrx_word' id='word_1_92' title='bbox 220 1262 249 1320; x_wconf 85' lang='grc' dir='ltr'>δέ</span> <span class='ocrx_word' id='word_1_93' title='bbox 263 1261 368 1340; x_wconf 87' lang='grc' dir='ltr'>σχεδόν</span> <span class='ocrx_word' id='word_1_94' title='bbox 382 1260 452 1321; x_wconf 90' lang='grc' dir='ltr'>κατά</span> <span class='ocrx_word' id='word_1_95' title='bbox 466 1260 501 1320; x_wconf 93' lang='grc' dir='ltr'>τά</span> <span class='ocrx_word' id='word_1_96' title='bbox 516 1259 586 1321; x_wconf 83' lang='grc' dir='ltr'>αότά</span> <span class='ocrx_word' id='word_1_97' title='bbox 603 1261 639 1321; x_wconf 84' lang='grc' dir='ltr'>τά</span> <span class='ocrx_word' id='word_1_98' title='bbox 658 1262 704 1320; x_wconf 87' lang='grc' dir='ltr'>καὶ</span> <span class='ocrx_word' id='word_1_99' title='bbox 717 1260 852 1338; x_wconf 90' lang='grc' dir='ltr'>πρότερον</span> <span class='ocrx_word' id='word_1_100' title='bbox 866 1260 954 1338; x_wconf 83' lang='grc' dir='ltr'>εἶχον.</span> 
     </span>
     <span class='ocr_line' id='line_1_15' title="bbox 103 1348 953 1427; baseline -0.001 -19"><span class='ocrx_word' id='word_1_101' title='bbox 103 1351 143 1408; x_wconf 80' lang='grc'>43</span> <span class='ocrx_word' id='word_1_102' title='bbox 153 1350 212 1407; x_wconf 89' lang='grc' dir='ltr'>Καί</span> <span class='ocrx_word' id='word_1_103' title='bbox 224 1357 280 1421; x_wconf 91' lang='grc' dir='ltr'>σφι</span> <span class='ocrx_word' id='word_1_104' title='bbox 292 1355 380 1408; x_wconf 84' lang='grc' dir='ltr'>ταῦτα</span> <span class='ocrx_word' id='word_1_105' title='bbox 400 1352 452 1426; x_wconf 83' lang='grc' dir='ltr'>μὲν</span> <span class='ocrx_word' id='word_1_106' title='bbox 473 1352 597 1426; x_wconf 75' lang='grc' dir='ltr'>εἰρηναῖα</span> <span class='ocrx_word' id='word_1_107' title='bbox 616 1348 660 1425; x_wconf 84' lang='grc' dir='ltr'>ἦν.</span> <span class='ocrx_word' id='word_1_108' title='bbox 702 1348 760 1426; x_wconf 82' lang='grc' dir='ltr'>ἅμα</span> <span class='ocrx_word' id='word_1_109' title='bbox 780 1348 809 1408; x_wconf 78' lang='grc' dir='ltr'>δὲ</span> <span class='ocrx_word' id='word_1_110' title='bbox 827 1353 866 1427; x_wconf 76' lang='grc' dir='ltr'>τῷ</span> <span class='ocrx_word' id='word_1_111' title='bbox 885 1350 953 1425; x_wconf 89' lang='grc' dir='ltr'>ἔαρι,</span> 
     </span>
     <span class='ocr_line' id='line_1_16' title="bbox 151 1436 954 1518; baseline 0.001 -23"><span class='ocrx_word' id='word_1_112' title='bbox 151 1440 205 1496; x_wconf 78' lang='grc' dir='ltr'>τῶν</span> <span class='ocrx_word' id='word_1_113' title='bbox 219 1436 314 1496; x_wconf 78' lang='grc' dir='ltr'>ἄλλων</span> <span class='ocrx_word' id='word_1_114' title='bbox 332 1438 562 1515; x_wconf 85' lang='grc' dir='ltr'>καταλελυμένων</span> <span class='ocrx_word' id='word_1_115' title='bbox 582 1441 748 1518; x_wconf 71' lang='grc' dir='ltr'>στρατηγῶν</span> <span class='ocrx_word' id='word_1_116' title='bbox 762 1442 792 1496; x_wconf 94' lang='grc' dir='ltr'>ἐκ</span> <span class='ocrx_word' id='word_1_117' title='bbox 805 1437 954 1512; x_wconf 85' lang='grc' dir='ltr'>βασιλέος,</span> 
     </span>
     <span class='ocr_line' id='line_1_17' title="bbox 152 1523 954 1602; baseline 0.002 -19"><span class='ocrx_word' id='word_1_118' title='bbox 152 1523 311 1602; x_wconf 87' lang='grc' dir='ltr'>Μαρδόνιος</span> <span class='ocrx_word' id='word_1_119' title='bbox 338 1524 354 1584; x_wconf 90' lang='grc' dir='ltr'>ό</span> <span class='ocrx_word' id='word_1_120' title='bbox 380 1526 517 1602; x_wconf 76' lang='grc' dir='ltr'>Γοβρύεω</span> <span class='ocrx_word' id='word_1_121' title='bbox 544 1527 693 1601; x_wconf 80' lang='grc' dir='ltr'>κατέβαινε</span> <span class='ocrx_word' id='word_1_122' title='bbox 719 1526 765 1585; x_wconf 87' lang='grc' dir='ltr'>ἐπὶ</span> <span class='ocrx_word' id='word_1_123' title='bbox 792 1524 954 1596; x_wconf 87' lang='grc' dir='ltr'>θάλασσαν,</span> 
     </span>
     <span class='ocr_line' id='line_1_18' title="bbox 152 1611 956 1694; baseline -0.001 -22"><span class='ocrx_word' id='word_1_124' title='bbox 152 1611 275 1689; x_wconf 84' lang='grc' dir='ltr'>στρατόν</span> <span class='ocrx_word' id='word_1_125' title='bbox 301 1612 412 1674; x_wconf 81' lang='grc' dir='ltr'>πολλόν</span> <span class='ocrx_word' id='word_1_126' title='bbox 435 1616 487 1690; x_wconf 83' lang='grc' dir='ltr'>μὲν</span> <span class='ocrx_word' id='word_1_127' title='bbox 514 1614 601 1690; x_wconf 86' lang='grc' dir='ltr'>κάρτα</span> <span class='ocrx_word' id='word_1_128' title='bbox 627 1613 711 1685; x_wconf 78' lang='grc' dir='ltr'>πεζόν</span> <span class='ocrx_word' id='word_1_129' title='bbox 737 1612 795 1691; x_wconf 81' lang='grc' dir='ltr'>ἅμα</span> <span class='ocrx_word' id='word_1_130' title='bbox 818 1612 956 1694; x_wconf 74' lang='grc' dir='ltr'>ἀγόμενος</span> 
     </span>
     <span class='ocr_line' id='line_1_19' title="bbox 152 1700 956 1778; baseline 0 -18"><span class='ocrx_word' id='word_1_131' title='bbox 152 1700 263 1760; x_wconf 80' lang='grc' dir='ltr'>πολλόν</span> <span class='ocrx_word' id='word_1_132' title='bbox 279 1701 308 1760; x_wconf 85' lang='grc' dir='ltr'>δέ</span> <span class='ocrx_word' id='word_1_133' title='bbox 327 1702 463 1771; x_wconf 83' lang='grc' dir='ltr'>ναυτικόν,</span> <span class='ocrx_word' id='word_1_134' title='bbox 478 1702 591 1778; x_wconf 80' lang='grc' dir='ltr'>ἡλικίην</span> <span class='ocrx_word' id='word_1_135' title='bbox 603 1729 635 1762; x_wconf 87' lang='grc' dir='ltr'>τε</span> <span class='ocrx_word' id='word_1_136' title='bbox 648 1703 708 1766; x_wconf 92' lang='grc' dir='ltr'>νέος</span> <span class='ocrx_word' id='word_1_137' title='bbox 722 1702 781 1772; x_wconf 74' lang='grc' dir='ltr'>ἐόν,</span> <span class='ocrx_word' id='word_1_138' title='bbox 796 1701 842 1761; x_wconf 80' lang='grc' dir='ltr'>καὶ</span> <span class='ocrx_word' id='word_1_139' title='bbox 855 1703 956 1761; x_wconf 80' lang='grc' dir='ltr'>νεωστὶ</span> 
     </span>
     <span class='ocr_line' id='line_1_20' title="bbox 151 1788 956 1872; baseline 0 -24"><span class='ocrx_word' id='word_1_140' title='bbox 151 1789 316 1870; x_wconf 77' lang='grc' dir='ltr'>γεγαμηκιδς</span> <span class='ocrx_word' id='word_1_141' title='bbox 343 1791 483 1867; x_wconf 89' lang='grc' dir='ltr'>βασιλέος</span> <span class='ocrx_word' id='word_1_142' title='bbox 506 1792 627 1866; x_wconf 88' lang='grc' dir='ltr'>Δαρείου</span> <span class='ocrx_word' id='word_1_143' title='bbox 654 1791 792 1872; x_wconf 87' lang='grc' dir='ltr'>θυγατέρα</span> <span class='ocrx_word' id='word_1_144' title='bbox 817 1788 956 1868; x_wconf 86' lang='grc' dir='ltr'>Ἀρταζιί-</span> 
     </span>
     <span class='ocr_line' id='line_1_21' title="bbox 153 1876 957 1960; baseline 0.004 -22"><span class='ocrx_word' id='word_1_145' title='bbox 153 1903 252 1954; x_wconf 81' lang='grc' dir='ltr'>στρην.</span> <span class='ocrx_word' id='word_1_146' title='bbox 293 1876 368 1960; x_wconf 89' lang='grc' dir='ltr'>άγων</span> <span class='ocrx_word' id='word_1_147' title='bbox 389 1879 419 1938; x_wconf 88' lang='grc' dir='ltr'>δέ</span> <span class='ocrx_word' id='word_1_148' title='bbox 439 1878 489 1938; x_wconf 86' lang='grc' dir='ltr'>τόν</span> <span class='ocrx_word' id='word_1_149' title='bbox 511 1881 634 1954; x_wconf 84' lang='grc' dir='ltr'>στρατόν</span> <span class='ocrx_word' id='word_1_150' title='bbox 653 1883 752 1939; x_wconf 81' lang='grc' dir='ltr'>τοῦτον</span> <span class='ocrx_word' id='word_1_151' title='bbox 766 1879 782 1939; x_wconf 89' lang='grc' dir='ltr'>ό</span> <span class='ocrx_word' id='word_1_152' title='bbox 796 1879 957 1955; x_wconf 85' lang='grc' dir='ltr'>Μαρδόνιος</span> 
     </span>
     <span class='ocr_line' id='line_1_22' title="bbox 153 1966 956 2047; baseline 0 -22"><span class='ocrx_word' id='word_1_153' title='bbox 153 1966 216 2025; x_wconf 83' lang='grc' dir='ltr'>ἐπεί</span> <span class='ocrx_word' id='word_1_154' title='bbox 226 1992 257 2025; x_wconf 92' lang='grc' dir='ltr'>τε</span> <span class='ocrx_word' id='word_1_155' title='bbox 272 1967 379 2047; x_wconf 84' lang='grc' dir='ltr'>ἐγένετο</span> <span class='ocrx_word' id='word_1_156' title='bbox 394 1972 423 2026; x_wconf 92' lang='grc' dir='ltr'>ἐν</span> <span class='ocrx_word' id='word_1_157' title='bbox 436 1971 472 2046; x_wconf 81' lang='grc' dir='ltr'>τῇ</span> <span class='ocrx_word' id='word_1_158' title='bbox 486 1968 610 2046; x_wconf 85' lang='grc' dir='ltr'>Κιλικίῃ,</span> <span class='ocrx_word' id='word_1_159' title='bbox 626 1966 709 2031; x_wconf 79' lang='grc' dir='ltr'>αύτός</span> <span class='ocrx_word' id='word_1_160' title='bbox 721 1970 773 2044; x_wconf 73' lang='grc' dir='ltr'>μὲν</span> <span class='ocrx_word' id='word_1_161' title='bbox 787 1967 888 2042; x_wconf 86' lang='grc' dir='ltr'>ἐπιβάς</span> <span class='ocrx_word' id='word_1_162' title='bbox 909 1968 956 2025; x_wconf 83' lang='grc' dir='ltr'>ἐπὶ</span> 
     </span>
     <span class='ocr_line' id='line_1_23' title="bbox 154 2053 956 2133; baseline -0.001 -19"><span class='ocrx_word' id='word_1_163' title='bbox 154 2054 214 2117; x_wconf 83' lang='grc' dir='ltr'>νεός</span> <span class='ocrx_word' id='word_1_164' title='bbox 234 2055 376 2130; x_wconf 83' lang='grc' dir='ltr'>ἐκομίζετο</span> <span class='ocrx_word' id='word_1_165' title='bbox 390 2053 449 2132; x_wconf 80' lang='grc' dir='ltr'>ἅμα</span> <span class='ocrx_word' id='word_1_166' title='bbox 461 2058 529 2133; x_wconf 74' lang='grc' dir='ltr'>τῇσι</span> <span class='ocrx_word' id='word_1_167' title='bbox 547 2053 656 2133; x_wconf 82' lang='grc' dir='ltr'>ἀλλησι</span> <span class='ocrx_word' id='word_1_168' title='bbox 670 2055 761 2131; x_wconf 82' lang='grc' dir='ltr'>νηυσὶ,</span> <span class='ocrx_word' id='word_1_169' title='bbox 776 2054 912 2131; x_wconf 84' lang='grc' dir='ltr'>στρατιήν</span> <span class='ocrx_word' id='word_1_170' title='bbox 925 2055 956 2113; x_wconf 86' lang='grc' dir='ltr'>δέ</span> 
     </span>
     <span class='ocr_line' id='line_1_24' title="bbox 153 2141 954 2224; baseline -0.001 -22"><span class='ocrx_word' id='word_1_171' title='bbox 153 2141 205 2218; x_wconf 79' lang='grc' dir='ltr'>τήν</span> <span class='ocrx_word' id='word_1_172' title='bbox 220 2141 307 2218; x_wconf 82' lang='grc' dir='ltr'>πεζήν</span> <span class='ocrx_word' id='word_1_173' title='bbox 324 2141 410 2202; x_wconf 74' lang='grc' dir='ltr'>ἄλλοι</span> <span class='ocrx_word' id='word_1_174' title='bbox 423 2142 558 2224; x_wconf 83' lang='grc' dir='ltr'>ἡγεμόνες</span> <span class='ocrx_word' id='word_1_175' title='bbox 570 2141 641 2223; x_wconf 83' lang='grc' dir='ltr'>ἦγον</span> <span class='ocrx_word' id='word_1_176' title='bbox 655 2145 700 2202; x_wconf 85' lang='grc' dir='ltr'>ἐπὶ</span> <span class='ocrx_word' id='word_1_177' title='bbox 713 2142 764 2203; x_wconf 86' lang='grc' dir='ltr'>τόν</span> <span class='ocrx_word' id='word_1_178' title='bbox 777 2142 954 2218; x_wconf 82' lang='grc' dir='ltr'>Ἑλλήσπον-</span> 
     </span>
     <span class='ocr_line' id='line_1_25' title="bbox 154 2229 955 2308; baseline -0.002 -18"><span class='ocrx_word' id='word_1_179' title='bbox 154 2256 213 2290; x_wconf 87' lang='grc' dir='ltr'>τον.</span> <span class='ocrx_word' id='word_1_180' title='bbox 255 2230 290 2292; x_wconf 79' lang='grc' dir='ltr'>ὦς</span> <span class='ocrx_word' id='word_1_181' title='bbox 304 2230 333 2288; x_wconf 81' lang='grc' dir='ltr'>δέ</span> <span class='ocrx_word' id='word_1_182' title='bbox 347 2232 516 2306; x_wconf 89' lang='grc' dir='ltr'>παραπλέων</span> <span class='ocrx_word' id='word_1_183' title='bbox 536 2230 588 2306; x_wconf 81' lang='grc' dir='ltr'>τήν</span> <span class='ocrx_word' id='word_1_184' title='bbox 601 2230 702 2307; x_wconf 87' lang='grc' dir='ltr'>Ἀσίην</span> <span class='ocrx_word' id='word_1_185' title='bbox 716 2229 831 2291; x_wconf 87' lang='grc' dir='ltr'>ἀπίκετο</span> <span class='ocrx_word' id='word_1_186' title='bbox 845 2231 861 2290; x_wconf 88' lang='grc' dir='ltr'>ό</span> <span class='ocrx_word' id='word_1_187' title='bbox 875 2236 955 2308; x_wconf 81' lang='grc' dir='ltr'>Μαρ-</span> 
     </span>
     <span class='ocr_line' id='line_1_26' title="bbox 154 2316 956 2400; baseline -0.002 -22"><span class='ocrx_word' id='word_1_188' title='bbox 154 2317 244 2380; x_wconf 87' lang='grc' dir='ltr'>δόνιος</span> <span class='ocrx_word' id='word_1_189' title='bbox 260 2322 287 2380; x_wconf 91' lang='grc' dir='ltr'>ἐς</span> <span class='ocrx_word' id='word_1_190' title='bbox 307 2318 359 2393; x_wconf 82' lang='grc' dir='ltr'>τήν</span> <span class='ocrx_word' id='word_1_191' title='bbox 371 2316 485 2394; x_wconf 84' lang='grc' dir='ltr'>Ἰωνίην,</span> <span class='ocrx_word' id='word_1_192' title='bbox 501 2319 620 2378; x_wconf 81' lang='grc' dir='ltr'>ἐνθαῦτα</span> <span class='ocrx_word' id='word_1_193' title='bbox 640 2320 777 2400; x_wconf 87' lang='grc' dir='ltr'>μέγιστον</span> <span class='ocrx_word' id='word_1_194' title='bbox 793 2320 873 2396; x_wconf 83' lang='grc' dir='ltr'>θῶμα</span> <span class='ocrx_word' id='word_1_195' title='bbox 890 2319 956 2395; x_wconf 89' lang='grc' dir='ltr'>ἐρέω</span> 
     </span>
     <span class='ocr_line' id='line_1_27' title="bbox 153 2404 956 2484; baseline 0.001 -19"><span class='ocrx_word' id='word_1_196' title='bbox 153 2409 231 2465; x_wconf 84' lang='grc' dir='ltr'>τοῖσι</span> <span class='ocrx_word' id='word_1_197' title='bbox 248 2405 288 2481; x_wconf 82' lang='grc' dir='ltr'>μή</span> <span class='ocrx_word' id='word_1_198' title='bbox 310 2404 539 2483; x_wconf 76' lang='grc' dir='ltr'>ἀποδεκομένοισι</span> <span class='ocrx_word' id='word_1_199' title='bbox 561 2405 706 2482; x_wconf 88' lang='grc' dir='ltr'>Ἑλλήνων</span> <span class='ocrx_word' id='word_1_200' title='bbox 726 2407 860 2484; x_wconf 89' lang='grc' dir='ltr'>Περσέων</span> <span class='ocrx_word' id='word_1_201' title='bbox 879 2409 956 2466; x_wconf 86' lang='grc' dir='ltr'>τοῖσι</span> 
     </span>
     <span class='ocr_line' id='line_1_28' title="bbox 155 2491 957 2575; baseline 0 -23"><span class='ocrx_word' id='word_1_202' title='bbox 155 2492 225 2552; x_wconf 88' lang='grc' dir='ltr'>ἐπτά</span> <span class='ocrx_word' id='word_1_203' title='bbox 251 2491 368 2552; x_wconf 86' lang='grc' dir='ltr'>Ὀτάνεα</span> <span class='ocrx_word' id='word_1_204' title='bbox 395 2493 508 2575; x_wconf 87' lang='grc' dir='ltr'>γνιόμην</span> <span class='ocrx_word' id='word_1_205' title='bbox 531 2493 722 2564; x_wconf 74' lang='grc' dir='ltr'>ἀποδέξασθαι</span> <span class='ocrx_word' id='word_1_206' title='bbox 747 2494 782 2558; x_wconf 78' lang='grc' dir='ltr'>ὦς</span> <span class='ocrx_word' id='word_1_207' title='bbox 805 2494 890 2573; x_wconf 86' lang='grc' dir='ltr'>χρεόν</span> <span class='ocrx_word' id='word_1_208' title='bbox 913 2496 957 2571; x_wconf 81' lang='grc' dir='ltr'>εἴη</span> 
     </span>
     <span class='ocr_line' id='line_1_29' title="bbox 155 2581 957 2662; baseline 0.001 -22"><span class='ocrx_word' id='word_1_209' title='bbox 155 2581 393 2658; x_wconf 87' lang='grc' dir='ltr'>δημοκρατέεσθαι</span> <span class='ocrx_word' id='word_1_210' title='bbox 414 2582 538 2658; x_wconf 86' lang='grc' dir='ltr'>Πέρσας·</span> <span class='ocrx_word' id='word_1_211' title='bbox 566 2582 630 2646; x_wconf 80' lang='grc' dir='ltr'>τούς</span> <span class='ocrx_word' id='word_1_212' title='bbox 654 2581 708 2662; x_wconf 88' lang='grc' dir='ltr'>γάρ</span> <span class='ocrx_word' id='word_1_213' title='bbox 731 2581 878 2658; x_wconf 78' lang='grc' dir='ltr'>τυράννους</span> <span class='ocrx_word' id='word_1_214' title='bbox 901 2585 957 2642; x_wconf 76' lang='grc' dir='ltr'>τῶν</span> 
     </span>
     <span class='ocr_line' id='line_1_30' title="bbox 156 2667 956 2747; baseline 0.001 -20"><span class='ocrx_word' id='word_1_215' title='bbox 156 2667 253 2729; x_wconf 78' lang='grc' dir='ltr'>Ἰάνων</span> <span class='ocrx_word' id='word_1_216' title='bbox 274 2670 455 2733; x_wconf 79' lang='grc' dir='ltr'>καταπαύσας</span> <span class='ocrx_word' id='word_1_217' title='bbox 476 2671 583 2734; x_wconf 88' lang='grc' dir='ltr'>πάντας</span> <span class='ocrx_word' id='word_1_218' title='bbox 603 2669 619 2730; x_wconf 88' lang='grc' dir='ltr'>ό</span> <span class='ocrx_word' id='word_1_219' title='bbox 639 2670 798 2746; x_wconf 84' lang='grc' dir='ltr'>Μαρδόνιος</span> <span class='ocrx_word' id='word_1_220' title='bbox 819 2671 956 2747; x_wconf 84' lang='grc' dir='ltr'>δημοκρα-</span> 
     </span>
     <span class='ocr_line' id='line_1_31' title="bbox 154 2757 956 2834; baseline 0 -18"><span class='ocrx_word' id='word_1_221' title='bbox 154 2757 214 2820; x_wconf 89' lang='grc' dir='ltr'>τίας</span> <span class='ocrx_word' id='word_1_222' title='bbox 238 2759 357 2818; x_wconf 87' lang='grc' dir='ltr'>κατίστα</span> <span class='ocrx_word' id='word_1_223' title='bbox 382 2764 409 2822; x_wconf 89' lang='grc' dir='ltr'>ἐς</span> <span class='ocrx_word' id='word_1_224' title='bbox 432 2758 482 2822; x_wconf 88' lang='grc' dir='ltr'>τάς</span> <span class='ocrx_word' id='word_1_225' title='bbox 505 2758 618 2822; x_wconf 88' lang='grc' dir='ltr'>πόλιας.</span> <span class='ocrx_word' id='word_1_226' title='bbox 659 2763 747 2818; x_wconf 80' lang='grc' dir='ltr'>ταῦτα</span> <span class='ocrx_word' id='word_1_227' title='bbox 770 2758 800 2817; x_wconf 81' lang='grc' dir='ltr'>δὲ</span> <span class='ocrx_word' id='word_1_228' title='bbox 824 2758 956 2834; x_wconf 86' lang='grc' dir='ltr'>ποιήσας,</span> 
     </span>
     <span class='ocr_line' id='line_1_32' title="bbox 154 2843 957 2927; baseline 0 -23"><span class='ocrx_word' id='word_1_229' title='bbox 154 2843 285 2927; x_wconf 79' lang='grc' dir='ltr'>ἠπείγετο</span> <span class='ocrx_word' id='word_1_230' title='bbox 308 2851 335 2909; x_wconf 88' lang='grc' dir='ltr'>ἐς</span> <span class='ocrx_word' id='word_1_231' title='bbox 356 2845 405 2908; x_wconf 87' lang='grc' dir='ltr'>τόν</span> <span class='ocrx_word' id='word_1_232' title='bbox 425 2846 651 2922; x_wconf 86' lang='grc' dir='ltr'>Ἑλλήσποντον.</span> <span class='ocrx_word' id='word_1_233' title='bbox 693 2846 731 2921; x_wconf 74' lang='lat'>⁰3³.</span> <span class='ocrx_word' id='word_1_234' title='bbox 750 2846 779 2905; x_wconf 86' lang='grc' dir='ltr'>δέ</span> <span class='ocrx_word' id='word_1_235' title='bbox 798 2847 957 2924; x_wconf 85' lang='grc' dir='ltr'>συνελέχθη</span> 
     </span>
     <span class='ocr_line' id='line_1_33' title="bbox 155 2933 958 3012; baseline -0.002 -18"><span class='ocrx_word' id='word_1_236' title='bbox 155 2935 207 3010; x_wconf 81' lang='grc' dir='ltr'>μέν</span> <span class='ocrx_word' id='word_1_237' title='bbox 227 2937 324 3012; x_wconf 78' lang='grc' dir='ltr'>χρῆμα</span> <span class='ocrx_word' id='word_1_238' title='bbox 344 2934 456 2994; x_wconf 85' lang='grc' dir='ltr'>πολλόν</span> <span class='ocrx_word' id='word_1_239' title='bbox 478 2939 553 3005; x_wconf 80' lang='grc' dir='ltr'>νεῶν,</span> <span class='ocrx_word' id='word_1_240' title='bbox 577 2936 735 3012; x_wconf 90' lang='grc' dir='ltr'>συνελέχθη</span> <span class='ocrx_word' id='word_1_241' title='bbox 757 2935 786 2993; x_wconf 82' lang='grc' dir='ltr'>δὲ</span> <span class='ocrx_word' id='word_1_242' title='bbox 808 2935 854 2993; x_wconf 86' lang='grc' dir='ltr'>καὶ</span> <span class='ocrx_word' id='word_1_243' title='bbox 875 2933 958 3004; x_wconf 80' lang='grc' dir='ltr'>πεζός</span> 
     </span>
     <span class='ocr_line' id='line_1_34' title="bbox 156 3021 958 3098; baseline 0.001 -19"><span class='ocrx_word' id='word_1_244' title='bbox 156 3021 265 3084; x_wconf 82' lang='grc' dir='ltr'>πολλός</span> <span class='ocrx_word' id='word_1_245' title='bbox 282 3021 411 3098; x_wconf 84' lang='grc' dir='ltr'>στρατός,</span> <span class='ocrx_word' id='word_1_246' title='bbox 426 3021 574 3097; x_wconf 83' lang='grc' dir='ltr'>διαβάντες</span> <span class='ocrx_word' id='word_1_247' title='bbox 587 3026 655 3098; x_wconf 81' lang='grc' dir='ltr'>τῇσι</span> <span class='ocrx_word' id='word_1_248' title='bbox 673 3023 755 3097; x_wconf 78' lang='grc' dir='ltr'>νηυσὶ</span> <span class='ocrx_word' id='word_1_249' title='bbox 769 3022 818 3082; x_wconf 84' lang='grc' dir='ltr'>τόν</span> <span class='ocrx_word' id='word_1_250' title='bbox 831 3021 958 3096; x_wconf 83' lang='grc' dir='ltr'>Ἑλλήσ·</span> 
     </span>
     <span class='ocr_line' id='line_1_35' title="bbox 156 3107 959 3184; baseline 0.002 -18"><span class='ocrx_word' id='word_1_251' title='bbox 156 3133 259 3166; x_wconf 89' lang='grc' dir='ltr'>ποντον</span> <span class='ocrx_word' id='word_1_252' title='bbox 276 3107 442 3184; x_wconf 77' lang='grc' dir='ltr'>ἐπορεύοντο</span> <span class='ocrx_word' id='word_1_253' title='bbox 456 3108 501 3167; x_wconf 82' lang='grc' dir='ltr'>διά</span> <span class='ocrx_word' id='word_1_254' title='bbox 514 3112 564 3182; x_wconf 82' lang='grc' dir='ltr'>τῆς</span> <span class='ocrx_word' id='word_1_255' title='bbox 577 3107 721 3184; x_wconf 76' lang='grc' dir='ltr'>Εὐρώπης·</span> <span class='ocrx_word' id='word_1_256' title='bbox 743 3108 908 3184; x_wconf 87' lang='grc' dir='ltr'>ἐπορεύοντο</span> <span class='ocrx_word' id='word_1_257' title='bbox 928 3108 959 3168; x_wconf 84' lang='grc' dir='ltr'>δὲ</span> 
     </span>
     <span class='ocr_line' id='line_1_36' title="bbox 109 3194 959 3273; baseline 0.004 -21"><span class='ocrx_word' id='word_1_258' title='bbox 109 3196 148 3252; x_wconf 80' lang='grc'>44</span> <span class='ocrx_word' id='word_1_259' title='bbox 158 3195 206 3252; x_wconf 89' lang='grc' dir='ltr'>ἐπί</span> <span class='ocrx_word' id='word_1_260' title='bbox 220 3220 251 3252; x_wconf 91' lang='grc' dir='ltr'>τε</span> <span class='ocrx_word' id='word_1_261' title='bbox 269 3194 412 3271; x_wconf 81' lang='grc' dir='ltr'>Ἐρέτριαν</span> <span class='ocrx_word' id='word_1_262' title='bbox 431 3195 477 3253; x_wconf 87' lang='grc' dir='ltr'>καὶ</span> <span class='ocrx_word' id='word_1_263' title='bbox 492 3194 622 3269; x_wconf 86' lang='grc' dir='ltr'>Ἀθήνας.</span> <span class='ocrx_word' id='word_1_264' title='bbox 664 3194 752 3255; x_wconf 82' lang='grc' dir='ltr'>Αὗται</span> <span class='ocrx_word' id='word_1_265' title='bbox 770 3198 822 3273; x_wconf 80' lang='grc' dir='ltr'>μὲν</span> <span class='ocrx_word' id='word_1_266' title='bbox 844 3194 881 3255; x_wconf 81' lang='grc' dir='ltr'>ὧν</span> <span class='ocrx_word' id='word_1_267' title='bbox 901 3202 959 3270; x_wconf 90' lang='grc' dir='ltr'>σφι</span> 
     </span>
     <span class='ocr_line' id='line_1_37' title="bbox 157 3280 959 3364; baseline 0.005 -25"><span class='ocrx_word' id='word_1_268' title='bbox 157 3281 312 3358; x_wconf 79' lang='grc' dir='ltr'>πρόσχημα</span> <span class='ocrx_word' id='word_1_269' title='bbox 334 3280 409 3356; x_wconf 84' lang='grc' dir='ltr'>ἦσαν</span> <span class='ocrx_word' id='word_1_270' title='bbox 429 3285 479 3341; x_wconf 79' lang='grc' dir='ltr'>τοῦ</span> <span class='ocrx_word' id='word_1_271' title='bbox 501 3280 616 3340; x_wconf 91' lang='grc' dir='ltr'>στόλου·</span> <span class='ocrx_word' id='word_1_272' title='bbox 639 3281 709 3360; x_wconf 86' lang='grc' dir='ltr'>ἀτάρ</span> <span class='ocrx_word' id='word_1_273' title='bbox 728 3288 757 3342; x_wconf 89' lang='grc' dir='ltr'>ἐν</span> <span class='ocrx_word' id='word_1_274' title='bbox 776 3283 830 3363; x_wconf 81' lang='grc' dir='ltr'>νόιρ</span> <span class='ocrx_word' id='word_1_275' title='bbox 848 3284 959 3364; x_wconf 85' lang='grc' dir='ltr'>ἔχοντες</span> 
     </span>
    </p>
   </div>
   <div class='ocr_carea' id='block_1_2' title="bbox 0 0 1145 3568">
    <p class='ocr_par' dir='ltr' id='par_1_2' title="bbox 0 0 1145 3568">
     <span class='ocr_line' id='line_1_38' title="bbox 0 0 1145 3568; baseline 0 0"><span class='ocrx_word' id='word_1_276' title='bbox 0 0 1145 3568; x_wconf 95' lang='lat' dir='ltr'> </span> 
     </span>
    </p>
   </div>
  </div>
 </body>
</html>
