2258 3568
570 13 629 86 2ο,

208 147 239 193 ιο
519 145 700 195 Ἡιοιουοο
959 144 1011 210 [ν.

159 223 197 281 90
206 222 337 301 άνάρσια.
377 224 425 290 Ἐς
443 227 577 303 τιμωρίην
593 225 623 284 δὲ
641 224 947 302 παρασκευαζομένοισι
961 225 1012 285 αό-

206 316 284 372 τοῖσι
315 318 344 372 ἐκ
369 314 593 392 Λακεδαιμονίων
619 317 737 394 πρῆγμα
760 313 934 394 ἐγειρόμενον
961 319 1011 391 ἐμ-

208 400 307 462 πόδιον
327 403 445 483 ἐγένετο.
487 402 640 480 πυθόμενοι
662 403 718 483 γάρ
746 405 773 461 οἶ
793 401 1011 479 Λακεδαιμόνιοι

205 488 240 549 τά
260 495 290 550 ἐκ
311 495 366 550 τῶν
381 489 621 568 Ἀλκμαιωνιδέων
641 496 669 554 ἐς
685 490 738 567 τὴν
753 491 864 566 Πυθίην
881 516 1010 570 μεμηχα·

206 579 319 656 νημένα,
344 579 390 637 καὶ
411 579 448 639 τά
469 585 499 639 ἐκ
524 583 575 654 τῆς
596 580 703 656 Πυθίης
725 579 771 638 ἐπὶ
795 579 888 654 σφέας
909 605 939 639 τε
961 581 1010 639 καὶ

206 667 269 730 τούς
291 668 536 746 Πεισιστρατιθας,
558 668 710 744 συμφορὴν
732 671 873 727 ἐποιεῦντο
894 667 1009 742 διπλῆν,

205 754 249 814 ὅτι
268 782 299 816 τε
320 755 420 833 ἄνδρας
439 757 542 826 ξείνους
560 763 616 833 σφι
635 756 729 820 ἐόντας
750 754 958 831 ἐξεληλάκεσαν
977 761 1010 815 ἐκ

205 848 255 919 τῆς
273 845 382 903 ἐκείνων
401 846 446 903 καὶ
466 843 509 904 ότι
528 849 616 905 ταῦτα
636 844 776 921 ποιήσασι
794 843 874 922 χάρις
893 842 1010 921 οὐδεμία

206 933 335 1006 ἐφαίνετο
353 932 422 1010 πρός
438 937 493 992 τῶν
511 932 675 1009 Ἀθηναίων·
704 934 743 992 ἔτι
764 957 795 992 τε
815 931 886 1010 πρός
901 931 1009 992 τοοθτοι-
1035 963 1048 978 -

205 1045 237 1078 σι
264 1020 364 1102 ε’νῆγόν
386 1028 479 1096 σφεας
500 1025 527 1081 οἱ
546 1023 681 1100 χρησμοὶ,
706 1022 836 1102 λέγοντες
857 1019 954 1080 πολλά
975 1047 1009 1080 τε

205 1108 251 1166 καὶ
275 1107 396 1186 α’νάρσια
424 1110 540 1169 ἔσεσθαι
567 1109 679 1169 αότοῐσι
706 1111 737 1180 ἐξ
761 1108 924 1184 Ἀθηναίων·
951 1111 1008 1168 τῶν

204 1195 340 1275 πρότερον
369 1200 421 1272 μὲν
448 1197 523 1273 ἦσαν
549 1197 653 1266 α’δαέες,
683 1198 747 1258 τότε
774 1196 804 1255 δὲ
832 1196 1007 1274 Κλεομένεος

205 1287 373 1361 κομίσαντος
404 1292 431 1349 ἐς
459 1286 592 1362 Σπάρτην
624 1286 765 1362 ἐξέμαθον.
811 1283 949 1360 ἐκτήσατο
975 1285 1006 1344 δέ

203 1371 220 1432 ό
245 1375 408 1449 Κλεομένης
437 1379 467 1432 ἐκ
490 1377 541 1449 τῆς
567 1373 720 1449 Ἀθηναίων
746 1371 915 1450 ἀκροπόλιος
941 1372 1006 1436 τούς

203 1461 358 1539 χρησμοῦς,
384 1461 449 1525 τους
475 1463 588 1539 ἔκτηντο
615 1463 666 1537 μὲν
690 1461 826 1539 πρότερον
853 1463 880 1518 αἱ
907 1467 1005 1520 Πεισι-

204 1548 351 1625 στρατιθαι
370 1549 580 1626 ἐξελαυνόμενοι
601 1551 631 1610 δὲ
652 1551 751 1610 ἔλιπον
769 1554 798 1608 ἐν
816 1552 854 1626 τῷ
873 1550 929 1626 ἱρῷ·
958 1573 1004 1606 κο-

156 1637 405 1713 91ταλειφθέντας
428 1638 458 1697 δέ
481 1638 497 1698 ό
522 1640 684 1716 Κλεομένης
710 1636 841 1713 ἀνέλαβε.
885 1636 954 1695 Τότε
974 1636 1005 1695 δὲ

204 1724 239 1788 οἷς
260 1724 402 1802 άνέλαβον
419 1731 445 1786 οἶ
463 1725 678 1804 Λακεδαιμόνιοι
699 1726 764 1788 τούς
785 1723 938 1803 χρησμούς,
958 1726 1004 1784 καὶ

203 1813 267 1877 τούς
293 1813 456 1890 Ἀθηναίους
483 1815 581 1891 ἐιόρεον
613 1813 780 1891 αὐξομένους
806 1813 852 1872 καὶ
879 1811 1005 1888 οὐδαμῶς

207 1903 332 1980 ἑτοίμους
354 1902 448 1967 ἐόντας
471 1903 622 1962 πείθεσθαί
640 1909 704 1977 σφι,
727 1901 780 1982 νόῳ
806 1900 946 1977 λαβόντες
968 1899 1002 1963 ιός

203 1989 350 2068 ἐλεύθερον
365 1993 417 2066 μὲν
435 1990 481 2050 ε’όν
499 1991 532 2050 τό
551 1991 631 2072 γένος
650 1990 683 2050 τό
703 1988 831 2049 Ἀττικόν
852 1987 1003 2064 ἰσόρροπον

201 2082 240 2158 τῷ
261 2083 367 2140 ἑωυτῶν
387 2080 502 2160 γίνοιτο,
520 2079 706 2158 κατεχόμενον
725 2078 754 2137 δὲ
770 2077 826 2138 ὑπό
844 2077 1003 2154 τυραννίδος

202 2166 318 2230 ἀσθενὲς
345 2169 391 2226 καὶ
418 2168 635 2246 πειθαρχέεσθαι
662 2171 781 2242 ἐταῖμον·
811 2164 947 2244 μαθόντες
973 2165 1003 2225 δὲ

204 2255 308 2315 τούτων
333 2256 446 2326 ἐκαστα,
470 2257 681 2332 μετεπέμποντο
702 2254 813 2332 Ἱππίην
834 2253 883 2314 τόν
905 2259 1003 2313 Πεισι-

202 2343 325 2419 στράτου
352 2343 408 2403 άπό
433 2344 543 2424 Σιγείου
568 2347 618 2403 τοῦ
647 2349 675 2402 ἐν
698 2343 910 2422 Ἑλλησπόντῳ,
935 2347 963 2405 ἐς
986 2335 1003 2403 ό

202 2431 412 2517 καταφεύγουσι
433 2435 460 2491 οἱ
484 2432 725 2509 Πεισιστρατίδαι·
754 2433 816 2490 ἐπεί
833 2457 864 2492 τε
891 2431 922 2490 δέ
947 2439 1003 2508 σφι

201 2517 311 2594 Ἱππίης
335 2520 502 2597 καλεόμενος
524 2517 583 2596 ἧκε,
607 2520 855 2598 μεταπεμψάμενοι
883 2520 1004 2579 καὶτῶν

202 2605 297 2668 ἄλλων
315 2608 471 2688 συμμάχων
487 2607 632 2690 α’γγέλους,
647 2608 745 2689 ἐλεγόν
759 2616 814 2685 σφι
829 2611 1004 2684 Σπαρτιῆται

201 2696 277 2756 τάδε·
304 2695 427 2774 ’(ἅνδρες
451 2695 605 2775 σύμμαχοι,
634 2697 865 2777 συγγινώσκομεν
892 2695 1003 2756 αὐτοῖσι

201 2784 269 2862 ἡμῖν
293 2784 325 2844 οὗ
350 2785 490 2861 ποιήσασι
513 2785 610 2862 ὀρθῶς·
638 2786 802 2862 ἐπαρθέντες
824 2785 880 2867 γάρ
905 2784 1003 2861 κιβδή-

202 2878 281 2934 λοισι
307 2874 476 2951 μαντηίοισι,
499 2872 600 2950 ἅνδρας
627 2874 730 2944 ξείνους
753 2875 849 2938 ἐόντας
875 2873 942 2950 ἡμῖν
967 2874 1004 2933 τά

200 2962 329 3039 μάλιστα
343 2962 388 3020 καὶ
401 2960 617 3036 άναδεκομένους
629 2961 789 3041 ὑποχειρίας
804 2963 933 3039 παρέξειν
952 2961 1004 3025 τάς

201 3048 329 3124 Ἀθήνας,
343 3049 458 3112 τούτους
479 3054 509 3107 ἐκ
527 3053 578 3126 τῆς
595 3049 728 3126 πατρίδος
749 3050 936 3127 ἐξηλάσαμεν,
956 3051 1004 3109 καὶ

204 3139 305 3206 ἔπειτα,
320 3137 489 3212 ποιήσαντες
508 3140 604 3206 ταῦτα,
619 3137 697 3217 δήμῳ
717 3137 861 3218 ἀχαρίστῳ
881 3138 1004 3216 παρεδεί-

202 3251 288 3303 καμεν
305 3224 358 3300 τήν
374 3225 468 3284 πόλιν·
490 3223 520 3287 ὃς
537 3226 599 3284 ἐπεί
611 3252 642 3284 τε
663 3225 696 3284 δι’
709 3226 797 3302 η’μέας
811 3227 1005 3304 ἐλευθερωθεὶς

202 3311 329 3390 ἀνέκυψε,
352 3311 439 3388 ἡμέας
460 3315 512 3389 μὲν
534 3315 581 3373 καὶ
603 3313 652 3373 τόν
672 3315 799 3389 βασιλέα
819 3315 912 3392 ἡμέων
927 3340 1005 3393 περι·
