2282 3550
157 142 301 204 ιιι-ιιι]
470 127 655 188 nomm.
912 141 957 190 ιοι

155 221 170 281 ό
195 222 225 281 δὲ
255 219 392 289 Μίκυθος,
417 221 522 296 οἰκέτης
549 215 600 281 εἰδν
622 219 784 291 Ἀναξίλεω,
813 220 962 294 ε’πίτροπος
1007 267 1010 274 ,

153 308 269 390 Ῥηγίου
301 308 514 368 καταλέλειπτο·
549 306 630 372 οὗτος
657 308 748 385 ὅσπερ
779 309 903 367 ε’κπεσών
931 313 961 366 εἰ(

153 397 269 478 Ῥηγίου
285 397 331 455 καὶ
350 397 454 476 Τεγέην
472 396 524 472 την
540 395 681 474 Ἀρκάδων
702 396 827 472 οἰκήσας,
845 395 961 472 άνέθηκε

154 489 182 545 έν
194 484 342 562 Ὀλυμπίῃ
356 483 420 546 τούς
433 484 560 548 πολλοὺς
580 484 751 562 ἀνδριάντας.
792 482 886 544 Ἀλλά
906 486 1005 546 τά171

153 569 204 644 μὲν
226 565 299 624 κατά
318 565 461 645 Ῥηγίνους
481 591 512 626 τε
534 567 579 624 καὶ
599 568 784 643 Ταραντίνους
803 571 853 624 τοῦ
873 567 962 646 λόγου

153 681 202 731 μοι
229 655 391 730 παρενθηκη
411 655 519 736 γέγονε·
544 659 571 718 ές
595 655 624 714 δὲ
648 655 700 730 τήν
721 654 837 731 Κρήτην
857 660 960 732 ἐρημω-

154 745 262 813 θεῖσαν,
274 742 311 806 οἷς
324 743 443 820 λέγουσι
454 743 597 816 Πραίσιοι,
610 744 799 814 ἐσοικίζεσθαι
812 742 918 806 άλλους
930 770 961 804 τε

153 832 317 908 ἀνθρώπους
338 831 384 888 καὶ
407 828 532 890 μάλιστα
547 830 702 908 Ἕλληνας·
729 833 809 910 τρίτη
831 832 860 892 δὲ
879 837 961 912 γενεῇ

152 919 225 996 μετά
241 920 342 978 Μίνωα
357 918 565 994 τελευτήσαντα
584 920 716 1000 γενέσθαι
733 920 769 980 τά
787 920 905 996 Τρωῖκά·
932 925 961 980 έν

152 1012 229 1068 τοῖσι
250 1009 285 1068 οὔ
308 1012 521 1084 φλαυροτατους
547 1008 700 1084 φαίνεσθαι
727 1008 822 1071 ε’όντας
847 1012 964 1086 Κρῆτας

153 1101 289 1175 τιμωρούς
314 1097 455 1175 Μενελειρ·
486 1095 548 1156 άντὶ
574 1096 678 1156 τούτων
702 1096 733 1155 δέ
756 1105 812 1172 σφι
839 1096 960 1158 α’πονοσ·

152 1185 262 1261 τήσασι
279 1191 310 1244 ἐκ
324 1185 425 1261 Τροίης
441 1184 527 1262 λιμόν
539 1211 570 1245 τε
585 1185 631 1244 καὶ
644 1185 746 1262 λοιμόν
759 1187 898 1267 γενέσθαι,
914 1187 960 1246 καὶ

153 1273 265 1334 αὐτοῖσι
288 1274 333 1332 καὶ
355 1277 430 1333 τοῖσι
453 1273 637 1349 προβάτοισι·
668 1274 695 1336 ές
717 1274 810 1345 τε,τὸ
834 1273 960 1352 δεότερον

154 1363 345 1439 ἐρημωθείσης
367 1361 489 1438 Κρήτης,
505 1361 577 1438 μετά
594 1365 649 1421 τῶν
670 1361 832 1424 ὑπολοίπων
852 1363 960 1439 τρίτους

154 1476 244 1559 αυτην
254 1454 304 1510 νῦν
316 1451 450 1526 νέμεσθαι
469 1453 593 1525 Κρῆτας.
627 1449 711 1526 ἡμὲν
729 1450 762 1526 δη
781 1451 908 1527 Πυθίη
892 1478 959 1512 υπο-

151 1539 291 1648 μνήσασα
310 1542 407 1607 ταῦτα,
424 1539 491 1616 ἔσχε
511 1539 704 1616 βουλομένους
723 1540 865 1616 τιμωρέειν
883 1544 960 1601 τοῖσι

151 1622 286 1703 Ἕλλησι.

194 1716 344 1775 Θεσσαλοὶ
357 1713 412 1773 δὲ
396 1740 451 1774 υπο
443 1713 613 1795 ἀναγκαίης
625 1716 658 1775 τά
672 1719 782 1791 πρῶτον
795 1716 938 1792 ἐμήδισαν,
950 1717 1007 1776 L72

153 1803 190 1866 οἷς
217 1803 339 1872 διέδεξαν
366 1801 410 1862 ὅτι
435 1801 469 1862 οὔ
496 1810 553 1878 σφι
579 1802 677 1877 ἥνδανε
701 1803 736 1864 τό
760 1807 787 1863 οἱ
810 1803 959 1864 Ἀλευάδαι

155 1893 356 1972 ε’μηχανέωντο·
385 1892 448 1951 ε’πεί
465 1917 496 1950 τε
517 1892 572 1972 γάρ
594 1892 729 1952 ε’πυθέατο
749 1892 872 1971 τάχιστα
891 1893 958 1968 μέλ-

154 1984 242 2040 λοντα
261 1980 416 2056 διαβαίνειν
428 1980 478 2039 τόν
496 1979 612 2056 Πέρσην
626 1985 654 2042 ε’ς
666 1979 718 2055 τὴν
731 1978 876 2056 Εόριόπην,
890 1981 959 2057 πέμ-

153 2095 241 2128 πουσι
263 2074 290 2131 ές
309 2068 358 2128 τόν
378 2067 496 2144 Ἰσθμόν
517 2067 663 2148 ἀγγέλους·
694 2073 723 2128 ε’ν
743 2068 772 2126 δὲ
793 2072 832 2147 τῷ
854 2067 960 2147 Ἰσθμῷ

153 2156 228 2233 ἦσαν
252 2156 402 2233 ἁλισμένοι
425 2155 585 2233 πρόβουλοι
608 2159 658 2231 τῆς
679 2155 825 2226 Ἑλλάδος,
847 2156 959 2235 άραιρη-

152 2247 233 2322 μένοι
249 2245 306 2305 άπό
325 2249 380 2305 τῶν
398 2245 504 2318 πολίων
522 2244 631 2304 τῶντά
651 2244 753 2322 α’μείνω
767 2248 960 2322 φρονεουσέων

153 2336 218 2411 περὶ
235 2335 288 2409 τὴν
308 2333 444 2394 Ἐλλάδα·
467 2332 630 2410 ἀπικόμενοι
657 2333 687 2392 δὲ
708 2335 752 2393 ε’πὶ
772 2333 885 2398 τούτους
905 2339 960 2396 τῶν

153 2427 313 2482 Θεσσαλῶν
327 2426 354 2482 οἶ
367 2422 484 2503 άγγελοι
498 2424 604 2502 ἔλεγον·
627 2434 644 2459 “
653 2422 749 2500 ἅνδρες
758 2422 905 2499 Ἕλληνες,
916 2423 960 2483 δεῖ

153 2511 361 2584 φυλάσσεσθαι
370 2511 421 2585 τὴν
433 2509 561 2585 ἐσβολὴν
573 2510 625 2584 τήν
634 2509 821 2587 Ὀλυμπικήν,
833 2513 877 2570 ἵνα
888 2518 959 2570 Θεσ-

153 2601 244 2676 σαλίη
265 2624 296 2658 τε
318 2599 364 2657 καὶ
384 2597 402 2674 ἡ
424 2599 564 2674 σύμπασα
584 2595 725 2677 ᾖἙλλάς
748 2603 776 2658 ε’ν
797 2600 889 2677 σκέπη
909 2603 960 2660 τοῦ

153 2689 292 2764 πολέμου·
306 2686 387 2764 ἡμεῖς
391 2687 458 2798 μέν
460 2712 508 2746 νυν
521 2686 629 2763 ἔτοῖμοί
640 2690 715 2763 εἰμεν
728 2686 960 2764 συμφυλάσσειν·

153 2777 276 2884 πέμπειν
296 2775 326 2834 δὲ
344 2774 400 2854 χρὴ
415 2775 460 2834 καὶ
477 2774 563 2852 υμέας
582 2801 717 2852 στρατιτν
735 2774 900 2850 πολλήν·
880 2802 922 2846 ως,
937 2780 962 2835 εἶ

153 2891 195 2970 μη
186 2864 337 2972 πέμψετε,
346 2863 841 2945 ε’πίστασθεημέαςόμολογησειντῳ
827 2863 959 2944 Πέρσῃ·

154 2977 187 3011 ου
208 2951 264 3033 γάρ
284 2977 328 3012 τοι
348 2952 573 3029 προκατημένους
590 2955 712 3011 τοσοῦτο
728 2950 783 3028 πρό
802 2955 852 3027 τῆς
869 2950 961 3029 άλλης

154 3039 303 3110 Ἑλλάδος,
317 3067 435 3118 μουνους
452 3040 507 3118 πρό
520 3040 610 3118 τ’μέων
624 3041 666 3100 δεῖ
678 3039 847 3100 ἀπολέσθαι.
888 3042 959 3118 βοη-

155 3130 229 3188 θέειν
250 3129 336 3188 δέ’
304 3155 337 3189 ου
357 3129 580 3207 βουλόμενοι,’
562 3128 714 3208 αναγκοίην
736 3127 805 3202 ημῖν
831 3127 961 3202 ουδεμίαν

156 3218 214 3278 οἶοί
238 3218 271 3278 τέ
297 3223 361 3278 ἕστε
387 3219 569 3294 προσφέρειν·
599 3213 707 3287 οὐδαμά
733 3213 787 3292 γάρ
811 3213 961 3287 ἀδυνασίης

155 3305 265 3388 ἀνάγκη
286 3307 413 3383 κρέσσων
434 3306 496 3378 ἔφυ·
523 3300 603 3376 ἡμεῖς
623 3299 652 3356 δὲ
672 3298 865 3374 πειρησόμεθα
882 3298 964 3358 αὐτοί
