2282 3550
148 149 291 212 223-227]
455 149 641 199 HOATMNIA.
903 155 952 202 '213

148 231 289 306 βασιλέος
302 230 338 308 ἦν
351 231 497 308 ἀδελφεός,
507 230 686 294 Ὑστάσπεος
699 232 728 290 δὲ
738 235 789 291 τοῦ
803 231 952 310 Ἀρσάμεω

148 323 223 382 παῖς·
259 317 290 383 ὃς
314 321 360 378 καὶ
385 319 506 382 ἐκδιδούς
529 319 582 395 την
606 321 744 400 θυγατέρα
765 320 881 400 Δαρείῳ,
902 321 952 381 τόν

148 407 225 468 οἶκον
252 407 344 468 πάντα
370 409 419 468 τόν
446 411 545 468 ἑωυτοῦ
573 407 698 476 ἐπέδωκε,
732 407 768 470 οἷς
793 408 898 484 μούνου
925 412 952 469 οἶ

148 495 249 572 ἐούσης
266 495 367 571 ταύτης
385 497 491 556 τέκνου.
533 495 641 571 Ξέρξεώ
658 521 689 554 τε
706 496 740 571 δὴ
754 495 802 554 δύο
816 495 951 573 άδελφεαὶ

148 585 266 644 ἐνθαῦτα
287 585 424 644 πίπτουσι
442 581 613 663 μαχεάμενοι
631 582 700 660 ῦπέρ
718 587 768 643 τοῦ
787 589 883 661 νεκροῦ
901 589 952 644 τοῦ

147 671 297 732 Λεωνίδεω·
320 673 455 750 Περσέων
467 699 498 732 τε
512 673 558 730 καὶ
568 672 792 749 Λακεδαιμονίων
806 672 997 748 ιῦθισμδς225

147 760 256 839 ἐγένετο
270 760 389 824 πολλάς·
411 767 439 824 ἐς
458 759 474 821 ὃ
494 759 594 820 τοῦτόν
613 786 644 820 τε
664 759 750 839 α’ρετῇ
771 763 797 819 οἱ
812 758 951 836 ’Έλληνες

146 846 339 926 ῦπεξείρυσαν,
355 849 401 907 καὶ
416 849 566 927 ἐτρέψαντο
583 848 647 912 τοῦς
666 849 804 911 ἐναντίους
816 849 948 926 τετράκις.

146 939 229 996 τοῦτο
256 936 286 995 δὲ
313 935 483 1012 συνεστήκεε
509 939 594 1016 μέχρι
617 934 649 996 οῦ
677 940 704 997 οί
730 937 784 996 σῦν
810 935 950 1015 Ἐπιάλτῃ

146 1025 343 1106 παρεγένοντο·
365 1025 400 1089 (ῦς
419 1026 448 1084 δὲ
466 1024 580 1088 τούτους
599 1023 676 1100 ἥκειν
694 1025 829 1086 ἐπύθοντο
845 1024 950 1084 οίἝλ-

146 1115 236 1187 ληνες,
252 1115 377 1174 ἐνθεῦτεν
390 1112 443 1190 ἤδη
457 1117 612 1191 ἑτεροιοῦτο
630 1113 663 1173 τό
682 1117 779 1176 νεῖκος·
808 1115 835 1177 ές
850 1140 880 1172 τε
896 1113 951 1194 γάρ

145 1200 179 1259 τό
192 1201 306 1260 στεινόν
319 1205 369 1277 τῆς
386 1201 452 1262 ὁδοῦ
468 1201 621 1280 ἀνεχώρεον
639 1200 739 1271 όπίσω,
754 1202 800 1260 καὶ
816 1227 950 1279 παραμει-

146 1287 268 1365 ψάμενοι
280 1289 313 1348 τῦ
331 1293 423 1368 τεῖχος
439 1290 567 1353 ἐλθόντες
587 1290 677 1361 ἵζοντο
696 1291 742 1348 ἐπὶ
760 1290 809 1350 τόν
827 1290 950 1350 κολωνόν

145 1375 247 1439 πάντες
259 1375 339 1440 άλέες
353 1381 380 1437 οἱ
393 1377 487 1446 ἄλλοι,
501 1377 578 1454 πλην
591 1379 733 1454 Θηβαίων·
755 1378 771 1437 ὁ
785 1378 814 1436 δὲ
828 1377 949 1442 κολωνός

146 1468 209 1523 ἐστι
222 1471 251 1524 ἐν
264 1469 300 1542 τῇ
315 1465 402 1544 ἐσόδῳ
415 1466 482 1525 ὅκου
495 1470 543 1526 νῦν
556 1466 571 1526 ὁ
585 1467 691 1529 λίθινος
705 1467 776 1526 λέων
787 1467 887 1543 ἔστηκε
901 1467 947 1526 ἐπὶ

144 1553 279 1630 Λεωνίδῃ·
314 1557 343 1612 ἐν
368 1554 457 1633 τούτῳ
484 1555 576 1628 σφέας
602 1557 641 1633 τῷ
660 1553 740 1634 χοίρῳ
765 1547 950 1632 ἀλεξομένους

144 1642 312 1720 μαχαίρῃσι,
332 1645 409 1702 τοῖσι
431 1641 520 1701 αῦτιῦν
545 1641 696 1722 ἐτύγχανον
717 1644 756 1702 ἐτι
776 1647 947 1719 περιεοῦσαι,

145 1729 193 1786 καὶ
219 1729 303 1807 χερσὶ
331 1731 377 1788 καὶ
403 1729 538 1806 στόμασι,
567 1731 729 1809 κατέχωσαν
752 1734 778 1790 οἱ
802 1730 948 1808 βάρβαροι

143 1815 313 1891 βάλλοντες,
331 1820 358 1876 οἱ
378 1821 429 1894 μὲν
450 1818 481 1887 ἐξ
500 1819 624 1894 ἐναντίης
644 1817 829 1895 ἐπισπόμενοι
850 1819 896 1876 καὶ
916 1818 949 1879 τῦ

145 1904 234 1980 ἔρυμα
248 1909 299 1964 τοῦ
315 1906 420 1985 τείχεος
439 1905 646 1987 συγχώσαντες,
663 1909 689 1965 οἱ
708 1907 738 1966 δὲ
756 1907 949 1984 περιελθόντες

143 1991 268 2053 πάντοθε
280 1993 459 2071 περισταδόν.

146 2105 149 2110 ’
185 2080 411 2160 Λακεδαιμονίων
432 2082 461 2142 δέ
478 2083 523 2142 καὶ
539 2083 683 2142 Θεσπιέων
702 2084 833 2144 τοιούτων
850 2086 995 2164 γενο226

143 2169 242 2244 μένων,
254 2169 327 2245 ὅμως
337 2171 450 2250 λέγεται
463 2169 532 2246 α’νηρ
543 2167 657 2242 ἅριοτος
667 2173 798 2252 γενέσθαι
811 2172 947 2248 Σπαρτιή-

141 2281 194 2331 της
213 2258 357 2334 Διηνέκης·
378 2257 429 2318 τόν
444 2257 507 2317 τόδε
528 2259 603 2333 φασὶ
624 2259 699 2318 εἶπαι
719 2260 751 2319 τὸ
769 2262 833 2322 ἔπος
849 2260 914 2336 πρὶν
930 2258 948 2336 ἢ

143 2346 284 2420 συμμίξαι
297 2347 389 2420 σφέας
402 2349 478 2405 τοῖσι
493 2345 628 2422 Μήδοισι,
643 2346 801 2423 πυθόμενον
819 2347 889 2425 πρός
902 2374 949 2407 τευ

142 2435 199 2492 τιῦν
218 2435 372 2511 Τρηχινίων
393 2434 427 2497 (ῦς
448 2435 531 2494 ἐπεάν
552 2437 579 2493 οἱ
602 2434 748 2513 βάρβαροι
775 2436 894 2496 άπιέωσι
913 2437 949 2496 τά

141 2520 310 2598 τοξεύματα,
326 2522 375 2582 τόν
390 2522 472 2599 ἥλιον
489 2521 544 2582 ῦπὸ
561 2527 612 2582 τοῦ
630 2524 754 2600 πλήθεος
771 2529 825 2585 τῶν
843 2524 946 2584 όϊστῦν

142 2607 366 2686 α’ποκρύπτουσι·
386 2609 507 2670 τοσοῦτό
522 2637 549 2670 τι
566 2613 676 2686 πλῆθος
692 2613 781 2672 αὐτῶν
799 2613 877 2672 εἶναι·
898 2611 948 2670 τόν

142 2696 175 2756 δέ
188 2697 238 2757 ούκ
252 2700 427 2779 ἐκπλαγέντα
439 2697 572 2768 τούτοισι,
588 2703 680 2773 εἰπεῖν,
698 2706 726 2760 ἐν
740 2700 842 2780 άλογίῃ
856 2698 947 2758 ποιεύ-

143 2811 228 2862 μενον
245 2787 278 2846 τδ
297 2790 353 2847 τῶν
368 2786 473 2863 Μήδων
493 2788 612 2863 πλῆθος,
628 2787 662 2850 ὥς
679 2788 769 2848 πάντα
783 2794 839 2863 σφι
853 2785 947 2867 ἀγαθά

142 2872 161 2931 ὅ
177 2875 324 2952 Τρηχίνιος
341 2875 428 2946 ξεῖνος
445 2874 591 2956 ἀγγέλλοι,
609 2880 632 2934 εἶ
648 2874 880 2952 α’ποκρυπτάντων
893 2877 948 2934 τῶν

142 2962 249 3037 Μήδων
269 2962 319 3022 τῦν
338 2962 420 3040 ἥλιον
440 2963 494 3023 ῦπῦ
516 2966 583 3041 σκιῇ
605 2963 698 3022 ἔσοιτο
718 2963 788 3039 πρὸς
809 2961 908 3025 αύτούς
927 2961 946 3038 ἤ

140 3048 229 3128 μάχη,
246 3051 293 3108 καὶ
307 3050 356 3110 ούκ
371 3057 399 3111 ἐν
412 3052 493 3130 ἡλίῳ.
534 3055 622 3111 ταῦτα
635 3053 687 3127 μὲν
703 3052 749 3109 καὶ
762 3051 839 3110 ἄλλα
857 3076 946 3110 ποιου-

139 3137 268 3214 τάπροπα
290 3138 356 3197 ἐπεά
383 3147 457 3214 φασι
487 3141 622 3214 Διηνέκεα
652 3138 702 3197 τόν
729 3137 947 3212 Λακεδαιμόνιον

138 3227 279 3287 λιπέσθαι
292 3227 468 3302 μνημόσυνα.
511 3226 593 3284 Μετὰ
606 3225 635 3282 δὲ
648 3228 747 3281 τοῦτον
761 3224 926 3294 ἀριστεῦσαι
935 3223 993 3282 227

138 3314 275 3443 λεξγοντιῳι
299 3313 513 3388 Λακεδαιμόνιοι
541 3310 590 3368 δύο
610 3309 751 3382 ἀδελφεοὶ,
772 3307 894 3382 Ἀλφεός
916 3333 946 3365 τε
