<?xml version="1.0" encoding="UTF-8"?>
<!DOCTYPE html PUBLIC "-//W3C//DTD XHTML 1.0 Transitional//EN"
    "http://www.w3.org/TR/xhtml1/DTD/xhtml1-transitional.dtd">
<html xmlns="http://www.w3.org/1999/xhtml" xml:lang="en" lang="en">
 <head>
  <title>
</title>
<meta http-equiv="Content-Type" content="text/html;charset=utf-8" />
  <meta name='ocr-system' content='tesseract 3.04.00' />
  <meta name='ocr-capabilities' content='ocr_page ocr_carea ocr_par ocr_line ocrx_word'/>
</head>
<body>
  <div class='ocr_page' id='page_1' title='image "./herodotusrecens00blakgoog_0155.png"; bbox 0 0 2276 3554; ppageno 0'>
   <div class='ocr_carea' id='block_1_1' title="bbox 167 108 1018 3352">
    <p class='ocr_par' dir='ltr' id='par_1_1' title="bbox 167 108 1018 3352">
     <span class='ocr_line' id='line_1_1' title="bbox 168 108 969 174; baseline -0.001 -14"><span class='ocrx_word' id='word_1_1' title='bbox 168 109 278 174; x_wconf 79' lang='lat'><strong>56-60]</strong></span> <span class='ocrx_word' id='word_1_2' title='bbox 486 108 671 158; x_wconf 75' lang='grc' dir='ltr'>ιιοιςιιιιικ.</span> <span class='ocrx_word' id='word_1_3' title='bbox 927 113 969 159; x_wconf 85' lang='grc' dir='ltr'>ιιτ</span> 
     </span>
     <span class='ocr_line' id='line_1_2' title="bbox 167 186 972 270; baseline 0.001 -22"><span class='ocrx_word' id='word_1_4' title='bbox 167 189 276 267; x_wconf 82' lang='grc' dir='ltr'>μίζετο,</span> <span class='ocrx_word' id='word_1_5' title='bbox 290 186 325 246; x_wconf 79' lang='grc' dir='ltr'>τά</span> <span class='ocrx_word' id='word_1_6' title='bbox 346 188 466 264; x_wconf 80' lang='grc' dir='ltr'>ἔμπαλιν</span> <span class='ocrx_word' id='word_1_7' title='bbox 488 187 626 264; x_wconf 84' lang='grc' dir='ltr'>πρήσσων</span> <span class='ocrx_word' id='word_1_8' title='bbox 645 190 695 246; x_wconf 81' lang='grc' dir='ltr'>τοῦ</span> <span class='ocrx_word' id='word_1_9' title='bbox 709 187 803 259; x_wconf 78' lang='grc' dir='ltr'>πεζοῦ·</span> <span class='ocrx_word' id='word_1_10' title='bbox 822 188 904 265; x_wconf 81' lang='grc' dir='ltr'>ὁμέν</span> <span class='ocrx_word' id='word_1_11' title='bbox 917 188 972 270; x_wconf 81' lang='grc' dir='ltr'>γάρ</span> 
     </span>
     <span class='ocr_line' id='line_1_3' title="bbox 167 274 972 355; baseline 0 -19"><span class='ocrx_word' id='word_1_12' title='bbox 167 277 239 355; x_wconf 82' lang='grc' dir='ltr'>πρὸς</span> <span class='ocrx_word' id='word_1_13' title='bbox 259 275 381 352; x_wconf 75' lang='grc' dir='ltr'>ἕσπέρην</span> <span class='ocrx_word' id='word_1_14' title='bbox 400 275 482 334; x_wconf 83' lang='grc' dir='ltr'>ἔπλεε</span> <span class='ocrx_word' id='word_1_15' title='bbox 501 276 547 334; x_wconf 89' lang='grc' dir='ltr'>ἐπὶ</span> <span class='ocrx_word' id='word_1_16' title='bbox 564 276 756 353; x_wconf 76' lang='grc' dir='ltr'>Σαρπηδονίης</span> <span class='ocrx_word' id='word_1_17' title='bbox 776 274 861 354; x_wconf 83' lang='grc' dir='ltr'>άκρης</span> <span class='ocrx_word' id='word_1_18' title='bbox 881 275 972 336; x_wconf 86' lang='grc' dir='ltr'>ποιεύ-</span> 
     </span>
     <span class='ocr_line' id='line_1_4' title="bbox 167 363 972 446; baseline 0 -20"><span class='ocrx_word' id='word_1_19' title='bbox 167 393 251 443; x_wconf 87' lang='grc' dir='ltr'>μενος</span> <span class='ocrx_word' id='word_1_20' title='bbox 264 364 317 440; x_wconf 82' lang='grc' dir='ltr'>τήν</span> <span class='ocrx_word' id='word_1_21' title='bbox 332 363 433 434; x_wconf 79' lang='grc' dir='ltr'>ἄπιξιν,</span> <span class='ocrx_word' id='word_1_22' title='bbox 449 369 476 427; x_wconf 90' lang='grc' dir='ltr'>ἐς</span> <span class='ocrx_word' id='word_1_23' title='bbox 489 363 540 440; x_wconf 79' lang='grc' dir='ltr'>τήν</span> <span class='ocrx_word' id='word_1_24' title='bbox 560 363 634 443; x_wconf 78' lang='grc' dir='ltr'>αύτῷ</span> <span class='ocrx_word' id='word_1_25' title='bbox 652 366 800 442; x_wconf 88' lang='grc' dir='ltr'>προείρητο</span> <span class='ocrx_word' id='word_1_26' title='bbox 814 364 972 446; x_wconf 73' lang='grc' dir='ltr'>ἀπικομένῳ</span> 
     </span>
     <span class='ocr_line' id='line_1_5' title="bbox 168 451 972 531; baseline 0.002 -19"><span class='ocrx_word' id='word_1_27' title='bbox 168 455 334 531; x_wconf 85' lang='grc' dir='ltr'>περιμένειν·</span> <span class='ocrx_word' id='word_1_28' title='bbox 356 451 371 512; x_wconf 83' lang='grc' dir='ltr'>ό</span> <span class='ocrx_word' id='word_1_29' title='bbox 394 452 423 512; x_wconf 87' lang='grc' dir='ltr'>δέ</span> <span class='ocrx_word' id='word_1_30' title='bbox 446 452 504 511; x_wconf 88' lang='grc' dir='ltr'>κατ’</span> <span class='ocrx_word' id='word_1_31' title='bbox 521 451 637 531; x_wconf 82' lang='grc' dir='ltr'>ἤπειρον</span> <span class='ocrx_word' id='word_1_32' title='bbox 655 453 776 530; x_wconf 78' lang='grc' dir='ltr'>στρατός</span> <span class='ocrx_word' id='word_1_33' title='bbox 793 453 863 530; x_wconf 82' lang='grc' dir='ltr'>πρδς</span> <span class='ocrx_word' id='word_1_34' title='bbox 883 453 923 530; x_wconf 84' lang='grc' dir='ltr'><em>ήῶ</em></span> <span class='ocrx_word' id='word_1_35' title='bbox 940 481 972 514; x_wconf 90' lang='grc' dir='ltr'>τε</span> 
     </span>
     <span class='ocr_line' id='line_1_6' title="bbox 168 540 972 619; baseline 0 -19"><span class='ocrx_word' id='word_1_36' title='bbox 168 543 215 600; x_wconf 82' lang='grc' dir='ltr'>καὶ</span> <span class='ocrx_word' id='word_1_37' title='bbox 235 540 319 617; x_wconf 80' lang='grc' dir='ltr'>ἡλίου</span> <span class='ocrx_word' id='word_1_38' title='bbox 340 540 480 604; x_wconf 78' lang='grc' dir='ltr'>ἀνατολάς</span> <span class='ocrx_word' id='word_1_39' title='bbox 501 543 624 602; x_wconf 90' lang='grc' dir='ltr'>ἐποιέετο</span> <span class='ocrx_word' id='word_1_40' title='bbox 637 542 689 617; x_wconf 79' lang='grc' dir='ltr'>τήν</span> <span class='ocrx_word' id='word_1_41' title='bbox 701 541 767 602; x_wconf 81' lang='grc' dir='ltr'>όδόν</span> <span class='ocrx_word' id='word_1_42' title='bbox 781 541 826 600; x_wconf 73' lang='grc' dir='ltr'>διὰ</span> <span class='ocrx_word' id='word_1_43' title='bbox 838 546 888 617; x_wconf 73' lang='grc' dir='ltr'>τῆς</span> <span class='ocrx_word' id='word_1_44' title='bbox 901 548 972 619; x_wconf 90' lang='grc' dir='ltr'>Χερ-</span> 
     </span>
     <span class='ocr_line' id='line_1_7' title="bbox 168 629 972 709; baseline -0.002 -20"><span class='ocrx_word' id='word_1_45' title='bbox 168 630 305 705; x_wconf 90' lang='grc' dir='ltr'>σονήσου,</span> <span class='ocrx_word' id='word_1_46' title='bbox 321 635 349 689; x_wconf 92' lang='grc' dir='ltr'>ἐν</span> <span class='ocrx_word' id='word_1_47' title='bbox 371 629 446 708; x_wconf 83' lang='grc' dir='ltr'>δεξιῇ</span> <span class='ocrx_word' id='word_1_48' title='bbox 465 633 517 708; x_wconf 79' lang='grc' dir='ltr'>μὲν</span> <span class='ocrx_word' id='word_1_49' title='bbox 538 631 607 709; x_wconf 80' lang='grc' dir='ltr'>ἔχων</span> <span class='ocrx_word' id='word_1_50' title='bbox 623 629 672 690; x_wconf 80' lang='grc' dir='ltr'>τόν</span> <span class='ocrx_word' id='word_1_51' title='bbox 688 629 798 705; x_wconf 84' lang='grc' dir='ltr'>Ἕλλης</span> <span class='ocrx_word' id='word_1_52' title='bbox 813 629 905 705; x_wconf 94' lang='grc' dir='ltr'>τάφον</span> <span class='ocrx_word' id='word_1_53' title='bbox 923 635 972 706; x_wconf 81' lang='grc' dir='ltr'>τῆς</span> 
     </span>
     <span class='ocr_line' id='line_1_8' title="bbox 167 717 969 798; baseline 0 -22"><span class='ocrx_word' id='word_1_54' title='bbox 167 717 353 794; x_wconf 88' lang='grc' dir='ltr'>Ἀθάμαντος,</span> <span class='ocrx_word' id='word_1_55' title='bbox 369 723 398 778; x_wconf 88' lang='grc' dir='ltr'>ἐν</span> <span class='ocrx_word' id='word_1_56' title='bbox 416 717 550 798; x_wconf 79' lang='grc' dir='ltr'>α’ριστερῇ</span> <span class='ocrx_word' id='word_1_57' title='bbox 571 719 600 778; x_wconf 84' lang='grc' dir='ltr'>δέ</span> <span class='ocrx_word' id='word_1_58' title='bbox 614 718 739 795; x_wconf 80' lang='grc' dir='ltr'>Καρδίην</span> <span class='ocrx_word' id='word_1_59' title='bbox 754 717 848 787; x_wconf 88' lang='grc' dir='ltr'>πόλιν,</span> <span class='ocrx_word' id='word_1_60' title='bbox 863 717 907 776; x_wconf 77' lang='grc' dir='ltr'>διά</span> <span class='ocrx_word' id='word_1_61' title='bbox 921 718 969 794; x_wconf 88' lang='grc' dir='ltr'>μέ-</span> 
     </span>
     <span class='ocr_line' id='line_1_9' title="bbox 168 803 972 887; baseline 0.002 -23"><span class='ocrx_word' id='word_1_62' title='bbox 168 832 223 882; x_wconf 88' lang='grc' dir='ltr'>οης</span> <span class='ocrx_word' id='word_1_63' title='bbox 238 807 267 865; x_wconf 86' lang='grc' dir='ltr'>δέ</span> <span class='ocrx_word' id='word_1_64' title='bbox 281 807 466 885; x_wconf 87' lang='grc' dir='ltr'>πορευόμενος</span> <span class='ocrx_word' id='word_1_65' title='bbox 478 806 578 870; x_wconf 89' lang='grc' dir='ltr'>πόλιος</span> <span class='ocrx_word' id='word_1_66' title='bbox 593 810 629 886; x_wconf 73' lang='grc' dir='ltr'>τῇ</span> <span class='ocrx_word' id='word_1_67' title='bbox 650 805 755 883; x_wconf 78' lang='grc' dir='ltr'>οὔνομα</span> <span class='ocrx_word' id='word_1_68' title='bbox 774 805 905 887; x_wconf 75' lang='grc' dir='ltr'>τυγχάνει</span> <span class='ocrx_word' id='word_1_69' title='bbox 927 803 972 866; x_wconf 77' lang='grc' dir='ltr'>ἐάν</span> 
     </span>
     <span class='ocr_line' id='line_1_10' title="bbox 167 893 971 975; baseline -0.002 -22"><span class='ocrx_word' id='word_1_70' title='bbox 167 893 286 975; x_wconf 82' lang='grc' dir='ltr'>Ἀγορή·</span> <span class='ocrx_word' id='word_1_71' title='bbox 310 897 434 955; x_wconf 83' lang='grc' dir='ltr'>ἐνθεῦτεν</span> <span class='ocrx_word' id='word_1_72' title='bbox 456 895 484 955; x_wconf 89' lang='grc' dir='ltr'>δέ</span> <span class='ocrx_word' id='word_1_73' title='bbox 506 895 639 973; x_wconf 87' lang='grc' dir='ltr'>κάμπτων</span> <span class='ocrx_word' id='word_1_74' title='bbox 657 894 707 954; x_wconf 84' lang='grc' dir='ltr'>τὸν</span> <span class='ocrx_word' id='word_1_75' title='bbox 727 894 835 954; x_wconf 87' lang='grc' dir='ltr'>κόλπον</span> <span class='ocrx_word' id='word_1_76' title='bbox 851 893 901 953; x_wconf 77' lang='grc' dir='ltr'>τόν</span> <span class='ocrx_word' id='word_1_77' title='bbox 914 895 971 952; x_wconf 80' lang='grc' dir='ltr'>Μέ·</span> 
     </span>
     <span class='ocr_line' id='line_1_11' title="bbox 168 980 971 1061; baseline 0.001 -20"><span class='ocrx_word' id='word_1_78' title='bbox 168 986 244 1042; x_wconf 90' lang='grc' dir='ltr'>λανα</span> <span class='ocrx_word' id='word_1_79' title='bbox 271 984 449 1061; x_wconf 86' lang='grc' dir='ltr'>καλεύμενον,</span> <span class='ocrx_word' id='word_1_80' title='bbox 471 985 517 1043; x_wconf 86' lang='grc' dir='ltr'>καὶ</span> <span class='ocrx_word' id='word_1_81' title='bbox 538 985 657 1044; x_wconf 79' lang='grc' dir='ltr'>Μέλανα</span> <span class='ocrx_word' id='word_1_82' title='bbox 678 983 812 1059; x_wconf 76' lang='grc' dir='ltr'>ποταμδν,</span> <span class='ocrx_word' id='word_1_83' title='bbox 835 980 884 1041; x_wconf 85' lang='grc' dir='ltr'>ούκ</span> <span class='ocrx_word' id='word_1_84' title='bbox 909 980 971 1042; x_wconf 85' lang='grc' dir='ltr'>άντ-</span> 
     </span>
     <span class='ocr_line' id='line_1_12' title="bbox 170 1068 971 1151; baseline 0.002 -23"><span class='ocrx_word' id='word_1_85' title='bbox 170 1071 291 1150; x_wconf 89' lang='grc' dir='ltr'>ισχάντα</span> <span class='ocrx_word' id='word_1_86' title='bbox 305 1071 369 1132; x_wconf 82' lang='grc' dir='ltr'>τότε</span> <span class='ocrx_word' id='word_1_87' title='bbox 379 1075 542 1151; x_wconf 80' lang='grc' dir='ltr'>τῇστρατιῇ</span> <span class='ocrx_word' id='word_1_88' title='bbox 551 1071 584 1131; x_wconf 82' lang='grc' dir='ltr'>τδ</span> <span class='ocrx_word' id='word_1_89' title='bbox 594 1073 707 1149; x_wconf 78' lang='grc' dir='ltr'>ῥέεθρον</span> <span class='ocrx_word' id='word_1_90' title='bbox 721 1068 786 1128; x_wconf 82' lang='grc' dir='ltr'>ἀλλ’</span> <span class='ocrx_word' id='word_1_91' title='bbox 798 1069 971 1140; x_wconf 82' lang='grc' dir='ltr'>ἐπιλιπόντα,</span> 
     </span>
     <span class='ocr_line' id='line_1_13' title="bbox 169 1156 972 1239; baseline -0.001 -21"><span class='ocrx_word' id='word_1_92' title='bbox 169 1164 270 1220; x_wconf 72' lang='grc' dir='ltr'>τοῦτον</span> <span class='ocrx_word' id='word_1_93' title='bbox 291 1160 341 1220; x_wconf 84' lang='grc' dir='ltr'>τδν</span> <span class='ocrx_word' id='word_1_94' title='bbox 363 1160 491 1237; x_wconf 76' lang='grc' dir='ltr'>ποταμόν</span> <span class='ocrx_word' id='word_1_95' title='bbox 513 1159 615 1236; x_wconf 77' lang='grc' dir='ltr'>διαβάς</span> <span class='ocrx_word' id='word_1_96' title='bbox 633 1158 687 1239; x_wconf 91' lang='grc' dir='ltr'>(ἐπ’</span> <span class='ocrx_word' id='word_1_97' title='bbox 707 1156 739 1218; x_wconf 79' lang='grc' dir='ltr'>οὗ</span> <span class='ocrx_word' id='word_1_98' title='bbox 761 1156 844 1217; x_wconf 82' lang='grc' dir='ltr'>καὶὸ</span> <span class='ocrx_word' id='word_1_99' title='bbox 867 1157 972 1222; x_wconf 84' lang='grc' dir='ltr'>κόλπος</span> 
     </span>
     <span class='ocr_line' id='line_1_14' title="bbox 169 1246 972 1327; baseline -0.001 -19"><span class='ocrx_word' id='word_1_100' title='bbox 169 1246 252 1312; x_wconf 76' lang='grc' dir='ltr'>οὗτος</span> <span class='ocrx_word' id='word_1_101' title='bbox 270 1247 322 1325; x_wconf 85' lang='grc' dir='ltr'>τήν</span> <span class='ocrx_word' id='word_1_102' title='bbox 344 1250 499 1326; x_wconf 78' lang='grc' dir='ltr'>ἐπωνυμίην</span> <span class='ocrx_word' id='word_1_103' title='bbox 512 1249 580 1327; x_wconf 78' lang='grc' dir='ltr'>ἔχει)</span> <span class='ocrx_word' id='word_1_104' title='bbox 599 1247 641 1323; x_wconf 85' lang='grc' dir='ltr'>ήῖε</span> <span class='ocrx_word' id='word_1_105' title='bbox 655 1247 725 1324; x_wconf 82' lang='grc' dir='ltr'>πρδς</span> <span class='ocrx_word' id='word_1_106' title='bbox 743 1247 872 1324; x_wconf 77' lang='grc' dir='ltr'>ἑσπέρην,</span> <span class='ocrx_word' id='word_1_107' title='bbox 888 1246 972 1307; x_wconf 81' lang='grc' dir='ltr'>Αἶνόν</span> 
     </span>
     <span class='ocr_line' id='line_1_15' title="bbox 169 1335 970 1413; baseline -0.004 -16"><span class='ocrx_word' id='word_1_108' title='bbox 169 1363 202 1397; x_wconf 93' lang='grc' dir='ltr'>τε</span> <span class='ocrx_word' id='word_1_109' title='bbox 222 1337 306 1397; x_wconf 88' lang='grc' dir='ltr'>πόλιν</span> <span class='ocrx_word' id='word_1_110' title='bbox 320 1337 439 1396; x_wconf 82' lang='grc' dir='ltr'>Αἰολίδα</span> <span class='ocrx_word' id='word_1_111' title='bbox 460 1338 506 1395; x_wconf 86' lang='grc' dir='ltr'>καὶ</span> <span class='ocrx_word' id='word_1_112' title='bbox 520 1335 685 1413; x_wconf 82' lang='grc' dir='ltr'>Στεντορίδα</span> <span class='ocrx_word' id='word_1_113' title='bbox 704 1336 807 1412; x_wconf 85' lang='grc' dir='ltr'>λίμνην</span> <span class='ocrx_word' id='word_1_114' title='bbox 826 1335 970 1411; x_wconf 71' lang='grc' dir='ltr'>παρεξιὼν,</span> 
     </span>
     <span class='ocr_line' id='line_1_16' title="bbox 170 1423 1018 1503; baseline -0.001 -19"><span class='ocrx_word' id='word_1_115' title='bbox 170 1431 199 1488; x_wconf 88' lang='grc' dir='ltr'>ἐς</span> <span class='ocrx_word' id='word_1_116' title='bbox 213 1425 229 1484; x_wconf 81' lang='grc' dir='ltr'>δ</span> <span class='ocrx_word' id='word_1_117' title='bbox 243 1423 358 1485; x_wconf 85' lang='grc' dir='ltr'>άπίκετο</span> <span class='ocrx_word' id='word_1_118' title='bbox 373 1431 399 1488; x_wconf 91' lang='grc' dir='ltr'>ἐς</span> <span class='ocrx_word' id='word_1_119' title='bbox 413 1426 564 1503; x_wconf 87' lang='grc' dir='ltr'>Δορίσκον.</span> <span class='ocrx_word' id='word_1_120' title='bbox 600 1423 634 1483; x_wconf 84' lang='lat'>‘0</span> <span class='ocrx_word' id='word_1_121' title='bbox 648 1423 678 1482; x_wconf 87' lang='grc' dir='ltr'>δέ</span> <span class='ocrx_word' id='word_1_122' title='bbox 692 1424 831 1501; x_wconf 91' lang='grc' dir='ltr'>Δορίσκος</span> <span class='ocrx_word' id='word_1_123' title='bbox 847 1423 907 1482; x_wconf 85' lang='grc' dir='ltr'>ἐστι</span> <span class='ocrx_word' id='word_1_124' title='bbox 920 1427 970 1499; x_wconf 80' lang='grc' dir='ltr'>τῆς</span> <span class='ocrx_word' id='word_1_125' title='bbox 979 1426 1018 1484; x_wconf 87' lang='grc'>59</span> 
     </span>
     <span class='ocr_line' id='line_1_17' title="bbox 170 1511 971 1594; baseline -0.002 -22"><span class='ocrx_word' id='word_1_126' title='bbox 170 1513 293 1591; x_wconf 77' lang='grc' dir='ltr'>Θρηίκης</span> <span class='ocrx_word' id='word_1_127' title='bbox 308 1512 435 1594; x_wconf 82' lang='grc' dir='ltr'>αἰγιαλός</span> <span class='ocrx_word' id='word_1_128' title='bbox 448 1539 479 1572; x_wconf 92' lang='grc' dir='ltr'>τε</span> <span class='ocrx_word' id='word_1_129' title='bbox 492 1513 538 1572; x_wconf 81' lang='grc' dir='ltr'>καὶ</span> <span class='ocrx_word' id='word_1_130' title='bbox 552 1513 647 1572; x_wconf 88' lang='grc' dir='ltr'>πεδίον</span> <span class='ocrx_word' id='word_1_131' title='bbox 659 1513 742 1592; x_wconf 90' lang='grc' dir='ltr'>μέγα·</span> <span class='ocrx_word' id='word_1_132' title='bbox 763 1511 821 1590; x_wconf 74' lang='grc' dir='ltr'>(διὰ</span> <span class='ocrx_word' id='word_1_133' title='bbox 838 1511 868 1571; x_wconf 84' lang='grc' dir='ltr'>δέ</span> <span class='ocrx_word' id='word_1_134' title='bbox 884 1511 971 1570; x_wconf 84' lang='grc' dir='ltr'>αύτοῦ</span> 
     </span>
     <span class='ocr_line' id='line_1_18' title="bbox 169 1599 971 1681; baseline -0.004 -21"><span class='ocrx_word' id='word_1_135' title='bbox 169 1602 227 1679; x_wconf 81' lang='grc' dir='ltr'>ῥέει</span> <span class='ocrx_word' id='word_1_136' title='bbox 247 1601 374 1678; x_wconf 76' lang='grc' dir='ltr'>ποταμός</span> <span class='ocrx_word' id='word_1_137' title='bbox 393 1602 480 1681; x_wconf 87' lang='grc' dir='ltr'>μέγας</span> <span class='ocrx_word' id='word_1_138' title='bbox 495 1599 625 1680; x_wconf 73' lang='grc' dir='ltr'>Ἕβρος)</span> <span class='ocrx_word' id='word_1_139' title='bbox 647 1605 675 1660; x_wconf 88' lang='grc' dir='ltr'>ἐν</span> <span class='ocrx_word' id='word_1_140' title='bbox 688 1604 726 1679; x_wconf 71' lang='grc' dir='ltr'>τῷ</span> <span class='ocrx_word' id='word_1_141' title='bbox 739 1599 832 1679; x_wconf 84' lang='grc' dir='ltr'>τεῖχός</span> <span class='ocrx_word' id='word_1_142' title='bbox 848 1626 880 1660; x_wconf 91' lang='grc' dir='ltr'>τε</span> <span class='ocrx_word' id='word_1_143' title='bbox 901 1599 971 1658; x_wconf 90' lang='grc' dir='ltr'>ε’δέδ-</span> 
     </span>
     <span class='ocr_line' id='line_1_19' title="bbox 169 1687 972 1766; baseline -0.002 -18"><span class='ocrx_word' id='word_1_144' title='bbox 169 1714 244 1766; x_wconf 90' lang='grc' dir='ltr'>μητο</span> <span class='ocrx_word' id='word_1_145' title='bbox 265 1689 544 1765; x_wconf 79' lang='grc' dir='ltr'>βασιλήϊον-τοῦτο</span> <span class='ocrx_word' id='word_1_146' title='bbox 567 1687 600 1748; x_wconf 84' lang='grc' dir='ltr'>τδ</span> <span class='ocrx_word' id='word_1_147' title='bbox 625 1688 659 1765; x_wconf 76' lang='grc' dir='ltr'>δή</span> <span class='ocrx_word' id='word_1_148' title='bbox 679 1688 819 1765; x_wconf 81' lang='grc' dir='ltr'>Δορίσκος</span> <span class='ocrx_word' id='word_1_149' title='bbox 840 1689 972 1763; x_wconf 89' lang='grc' dir='ltr'>κέκληται</span> 
     </span>
     <span class='ocr_line' id='line_1_20' title="bbox 169 1775 971 1856; baseline 0.001 -20"><span class='ocrx_word' id='word_1_150' title='bbox 169 1779 260 1836; x_wconf 82' lang='grc' dir='ltr'>-καὶ</span> <span class='ocrx_word' id='word_1_151' title='bbox 287 1779 421 1854; x_wconf 89' lang='grc' dir='ltr'>Περσέων</span> <span class='ocrx_word' id='word_1_152' title='bbox 447 1777 557 1855; x_wconf 83' lang='grc' dir='ltr'>φρουρή</span> <span class='ocrx_word' id='word_1_153' title='bbox 581 1782 611 1838; x_wconf 91' lang='grc' dir='ltr'>ἐν</span> <span class='ocrx_word' id='word_1_154' title='bbox 637 1776 710 1856; x_wconf 80' lang='grc' dir='ltr'>αύτῷ</span> <span class='ocrx_word' id='word_1_155' title='bbox 730 1776 897 1853; x_wconf 89' lang='grc' dir='ltr'>κατεστήκεε</span> <span class='ocrx_word' id='word_1_156' title='bbox 916 1775 971 1837; x_wconf 83' lang='grc' dir='ltr'>ύπδ</span> 
     </span>
     <span class='ocr_line' id='line_1_21' title="bbox 170 1864 972 1944; baseline 0.004 -20"><span class='ocrx_word' id='word_1_157' title='bbox 170 1867 292 1942; x_wconf 87' lang='grc' dir='ltr'>Δαρείου</span> <span class='ocrx_word' id='word_1_158' title='bbox 314 1865 344 1934; x_wconf 82' lang='grc' dir='ltr'>ἐξ</span> <span class='ocrx_word' id='word_1_159' title='bbox 362 1865 466 1925; x_wconf 90' lang='grc' dir='ltr'>ἐκείνου</span> <span class='ocrx_word' id='word_1_160' title='bbox 483 1868 533 1925; x_wconf 83' lang='grc' dir='ltr'>τοῦ</span> <span class='ocrx_word' id='word_1_161' title='bbox 552 1865 654 1944; x_wconf 87' lang='grc' dir='ltr'>χρόνου</span> <span class='ocrx_word' id='word_1_162' title='bbox 671 1865 734 1924; x_wconf 87' lang='grc' dir='ltr'>ἐπεί</span> <span class='ocrx_word' id='word_1_163' title='bbox 750 1891 781 1924; x_wconf 91' lang='grc' dir='ltr'>τε</span> <span class='ocrx_word' id='word_1_164' title='bbox 799 1865 845 1924; x_wconf 85' lang='grc' dir='ltr'>ἐπὶ</span> <span class='ocrx_word' id='word_1_165' title='bbox 862 1864 972 1929; x_wconf 79' lang='grc' dir='ltr'>Σκύθας</span> 
     </span>
     <span class='ocr_line' id='line_1_22' title="bbox 170 1951 972 2032; baseline 0 -21"><span class='ocrx_word' id='word_1_166' title='bbox 170 1952 363 2030; x_wconf 86' lang='grc' dir='ltr'>ἐστρατεύετο.</span> <span class='ocrx_word' id='word_1_167' title='bbox 405 1952 480 2022; x_wconf 82' lang='grc' dir='ltr'>ἔδοξε</span> <span class='ocrx_word' id='word_1_168' title='bbox 508 1951 544 2012; x_wconf 80' lang='grc' dir='ltr'>ὧν</span> <span class='ocrx_word' id='word_1_169' title='bbox 569 1957 608 2032; x_wconf 78' lang='grc' dir='ltr'>τῷ</span> <span class='ocrx_word' id='word_1_170' title='bbox 630 1953 721 2032; x_wconf 82' lang='grc' dir='ltr'>Ξέρξη</span> <span class='ocrx_word' id='word_1_171' title='bbox 748 1952 764 2012; x_wconf 81' lang='grc' dir='ltr'>ὁ</span> <span class='ocrx_word' id='word_1_172' title='bbox 786 1957 876 2031; x_wconf 76' lang='grc' dir='ltr'>χῶρος</span> <span class='ocrx_word' id='word_1_173' title='bbox 903 1952 972 2012; x_wconf 82' lang='grc' dir='ltr'>εἶναι</span> 
     </span>
     <span class='ocr_line' id='line_1_23' title="bbox 170 2040 971 2119; baseline 0 -19"><span class='ocrx_word' id='word_1_174' title='bbox 170 2041 313 2117; x_wconf 76' lang='grc' dir='ltr'>ἐπιτήδεος</span> <span class='ocrx_word' id='word_1_175' title='bbox 335 2040 490 2111; x_wconf 75' lang='grc' dir='ltr'>ἐνδιατάξαι</span> <span class='ocrx_word' id='word_1_176' title='bbox 510 2066 542 2100; x_wconf 92' lang='grc' dir='ltr'>τε</span> <span class='ocrx_word' id='word_1_177' title='bbox 562 2043 608 2100; x_wconf 86' lang='grc' dir='ltr'>καὶ</span> <span class='ocrx_word' id='word_1_178' title='bbox 627 2042 812 2119; x_wconf 80' lang='grc' dir='ltr'>ἐξαριθμῆσαι</span> <span class='ocrx_word' id='word_1_179' title='bbox 824 2041 874 2101; x_wconf 80' lang='grc' dir='ltr'>τόν</span> <span class='ocrx_word' id='word_1_180' title='bbox 887 2067 971 2118; x_wconf 89' lang='grc' dir='ltr'>στρα-</span> 
     </span>
     <span class='ocr_line' id='line_1_24' title="bbox 168 2129 972 2207; baseline 0.006 -19"><span class='ocrx_word' id='word_1_181' title='bbox 168 2129 229 2190; x_wconf 88' lang='grc' dir='ltr'>τόν·</span> <span class='ocrx_word' id='word_1_182' title='bbox 252 2130 297 2188; x_wconf 90' lang='grc' dir='ltr'>καὶ</span> <span class='ocrx_word' id='word_1_183' title='bbox 312 2131 401 2188; x_wconf 90' lang='grc' dir='ltr'>ἐποίεε</span> <span class='ocrx_word' id='word_1_184' title='bbox 413 2133 511 2190; x_wconf 84' lang='grc' dir='ltr'>ταῦτα.</span> <span class='ocrx_word' id='word_1_185' title='bbox 552 2129 601 2193; x_wconf 79' lang='grc' dir='ltr'>τάς</span> <span class='ocrx_word' id='word_1_186' title='bbox 614 2133 665 2207; x_wconf 82' lang='grc' dir='ltr'>μὲν</span> <span class='ocrx_word' id='word_1_187' title='bbox 678 2129 711 2206; x_wconf 78' lang='grc' dir='ltr'>δή</span> <span class='ocrx_word' id='word_1_188' title='bbox 725 2131 788 2193; x_wconf 82' lang='grc' dir='ltr'>νέος</span> <span class='ocrx_word' id='word_1_189' title='bbox 807 2130 857 2194; x_wconf 79' lang='grc' dir='ltr'>τάς</span> <span class='ocrx_word' id='word_1_190' title='bbox 877 2129 972 2194; x_wconf 87' lang='grc' dir='ltr'>πάσας</span> 
     </span>
     <span class='ocr_line' id='line_1_25' title="bbox 169 2217 972 2297; baseline 0.005 -20"><span class='ocrx_word' id='word_1_191' title='bbox 169 2217 340 2296; x_wconf 87' lang='grc' dir='ltr'>α’πικομένος</span> <span class='ocrx_word' id='word_1_192' title='bbox 365 2222 392 2281; x_wconf 87' lang='grc' dir='ltr'>ἐς</span> <span class='ocrx_word' id='word_1_193' title='bbox 414 2218 557 2295; x_wconf 88' lang='grc' dir='ltr'>Δορίσκον</span> <span class='ocrx_word' id='word_1_194' title='bbox 578 2221 604 2278; x_wconf 84' lang='grc' dir='ltr'>οἱ</span> <span class='ocrx_word' id='word_1_195' title='bbox 626 2217 767 2297; x_wconf 88' lang='grc' dir='ltr'>ναύαρχοι,</span> <span class='ocrx_word' id='word_1_196' title='bbox 790 2218 972 2282; x_wconf 83' lang='grc' dir='ltr'>κελεύσαντος</span> 
     </span>
     <span class='ocr_line' id='line_1_26' title="bbox 169 2304 971 2388; baseline -0.002 -19"><span class='ocrx_word' id='word_1_197' title='bbox 169 2307 287 2383; x_wconf 81' lang='grc' dir='ltr'>Ξέρξεω,</span> <span class='ocrx_word' id='word_1_198' title='bbox 303 2311 330 2369; x_wconf 89' lang='grc' dir='ltr'>ἐς</span> <span class='ocrx_word' id='word_1_199' title='bbox 342 2304 393 2365; x_wconf 76' lang='grc' dir='ltr'>τόν</span> <span class='ocrx_word' id='word_1_200' title='bbox 407 2306 537 2387; x_wconf 76' lang='grc' dir='ltr'>αἰγιαλόν</span> <span class='ocrx_word' id='word_1_201' title='bbox 549 2306 599 2366; x_wconf 83' lang='grc' dir='ltr'>τόν</span> <span class='ocrx_word' id='word_1_202' title='bbox 613 2307 756 2385; x_wconf 75' lang='grc' dir='ltr'>προσεχέα</span> <span class='ocrx_word' id='word_1_203' title='bbox 770 2306 901 2388; x_wconf 75' lang='grc' dir='ltr'>Δορίσκῳ</span> <span class='ocrx_word' id='word_1_204' title='bbox 914 2307 971 2367; x_wconf 88' lang='grc' dir='ltr'>ἐκό·</span> 
     </span>
     <span class='ocr_line' id='line_1_27' title="bbox 167 2393 971 2472; baseline 0 -18"><span class='ocrx_word' id='word_1_205' title='bbox 167 2419 269 2472; x_wconf 86' lang='grc' dir='ltr'>μισαν·</span> <span class='ocrx_word' id='word_1_206' title='bbox 291 2398 371 2472; x_wconf 78' lang='grc' dir='ltr'>ἐντῷ</span> <span class='ocrx_word' id='word_1_207' title='bbox 385 2394 466 2470; x_wconf 85' lang='grc' dir='ltr'>Σάλη</span> <span class='ocrx_word' id='word_1_208' title='bbox 478 2419 509 2453; x_wconf 91' lang='grc' dir='ltr'>τε</span> <span class='ocrx_word' id='word_1_209' title='bbox 524 2393 714 2471; x_wconf 87' lang='grc' dir='ltr'>Σαμοθρηῖκίη</span> <span class='ocrx_word' id='word_1_210' title='bbox 728 2395 900 2454; x_wconf 87' lang='grc' dir='ltr'>πεπόλισται</span> <span class='ocrx_word' id='word_1_211' title='bbox 920 2394 971 2454; x_wconf 87' lang='grc' dir='ltr'>πό·</span> 
     </span>
     <span class='ocr_line' id='line_1_28' title="bbox 168 2480 971 2560; baseline -0.001 -18"><span class='ocrx_word' id='word_1_212' title='bbox 168 2487 215 2547; x_wconf 83' lang='grc' dir='ltr'>λις</span> <span class='ocrx_word' id='word_1_213' title='bbox 239 2484 285 2542; x_wconf 84' lang='grc' dir='ltr'>καὶ</span> <span class='ocrx_word' id='word_1_214' title='bbox 306 2483 393 2558; x_wconf 79' lang='grc' dir='ltr'>Ζώνη,</span> <span class='ocrx_word' id='word_1_215' title='bbox 415 2483 561 2541; x_wconf 90' lang='grc' dir='ltr'>τελευταία</span> <span class='ocrx_word' id='word_1_216' title='bbox 583 2482 613 2541; x_wconf 85' lang='grc' dir='ltr'>δέ</span> <span class='ocrx_word' id='word_1_217' title='bbox 634 2480 719 2542; x_wconf 81' lang='grc' dir='ltr'>αύτοΰ</span> <span class='ocrx_word' id='word_1_218' title='bbox 741 2485 878 2560; x_wconf 88' lang='grc' dir='ltr'>Σέρρειον,</span> <span class='ocrx_word' id='word_1_219' title='bbox 901 2482 971 2560; x_wconf 80' lang='grc' dir='ltr'>ἄκρη</span> 
     </span>
     <span class='ocr_line' id='line_1_29' title="bbox 169 2568 972 2648; baseline 0 -18"><span class='ocrx_word' id='word_1_220' title='bbox 169 2570 326 2648; x_wconf 73' lang='grc' dir='ltr'>ὀνομαστή·</span> <span class='ocrx_word' id='word_1_221' title='bbox 349 2570 412 2630; x_wconf 84' lang='grc' dir='ltr'>ὁδέ</span> <span class='ocrx_word' id='word_1_222' title='bbox 429 2574 521 2648; x_wconf 84' lang='grc' dir='ltr'>χῶρος</span> <span class='ocrx_word' id='word_1_223' title='bbox 543 2568 623 2633; x_wconf 82' lang='grc' dir='ltr'>οὗτος</span> <span class='ocrx_word' id='word_1_224' title='bbox 643 2570 676 2630; x_wconf 85' lang='grc' dir='ltr'>τὸ</span> <span class='ocrx_word' id='word_1_225' title='bbox 693 2570 816 2630; x_wconf 75' lang='grc' dir='ltr'>παλαιόν</span> <span class='ocrx_word' id='word_1_226' title='bbox 836 2569 872 2645; x_wconf 81' lang='grc' dir='ltr'>ἦν</span> <span class='ocrx_word' id='word_1_227' title='bbox 890 2571 972 2630; x_wconf 84' lang='grc' dir='ltr'>Κικό-</span> 
     </span>
     <span class='ocr_line' id='line_1_30' title="bbox 170 2657 972 2738; baseline 0.004 -21"><span class='ocrx_word' id='word_1_228' title='bbox 170 2685 232 2718; x_wconf 85' lang='grc' dir='ltr'>νων.</span> <span class='ocrx_word' id='word_1_229' title='bbox 274 2664 302 2722; x_wconf 89' lang='grc' dir='ltr'>ἐς</span> <span class='ocrx_word' id='word_1_230' title='bbox 315 2663 415 2718; x_wconf 81' lang='grc' dir='ltr'>τοῦτον</span> <span class='ocrx_word' id='word_1_231' title='bbox 427 2657 476 2718; x_wconf 82' lang='grc' dir='ltr'>τὸν</span> <span class='ocrx_word' id='word_1_232' title='bbox 489 2657 619 2738; x_wconf 84' lang='grc' dir='ltr'>αἶγιαλδν</span> <span class='ocrx_word' id='word_1_233' title='bbox 637 2658 833 2738; x_wconf 80' lang='grc' dir='ltr'>κατασχόντες,</span> <span class='ocrx_word' id='word_1_234' title='bbox 847 2657 897 2719; x_wconf 84' lang='grc' dir='ltr'>τοὶς</span> <span class='ocrx_word' id='word_1_235' title='bbox 910 2658 972 2720; x_wconf 83' lang='grc' dir='ltr'>νέας</span> 
     </span>
     <span class='ocr_line' id='line_1_31' title="bbox 170 2745 972 2825; baseline -0.004 -19"><span class='ocrx_word' id='word_1_236' title='bbox 170 2746 311 2825; x_wconf 69' lang='grc' dir='ltr'>ἀνέψυχον</span> <span class='ocrx_word' id='word_1_237' title='bbox 330 2745 540 2809; x_wconf 80' lang='grc' dir='ltr'>ἀνελκύσαντες·</span> <span class='ocrx_word' id='word_1_238' title='bbox 561 2745 578 2805; x_wconf 84' lang='grc' dir='ltr'>ὁ</span> <span class='ocrx_word' id='word_1_239' title='bbox 592 2746 621 2804; x_wconf 86' lang='grc' dir='ltr'>δὲ</span> <span class='ocrx_word' id='word_1_240' title='bbox 635 2751 664 2806; x_wconf 88' lang='grc' dir='ltr'>ἐν</span> <span class='ocrx_word' id='word_1_241' title='bbox 677 2750 715 2825; x_wconf 76' lang='grc' dir='ltr'>τῷ</span> <span class='ocrx_word' id='word_1_242' title='bbox 728 2747 859 2824; x_wconf 81' lang='grc' dir='ltr'>Δορίσκῳ</span> <span class='ocrx_word' id='word_1_243' title='bbox 873 2749 972 2804; x_wconf 82' lang='grc' dir='ltr'>τοῦτον</span> 
     </span>
     <span class='ocr_line' id='line_1_32' title="bbox 170 2831 1018 2912; baseline -0.006 -18"><span class='ocrx_word' id='word_1_244' title='bbox 170 2834 220 2894; x_wconf 77' lang='grc' dir='ltr'>τόν</span> <span class='ocrx_word' id='word_1_245' title='bbox 236 2834 338 2912; x_wconf 90' lang='grc' dir='ltr'>χρόνον</span> <span class='ocrx_word' id='word_1_246' title='bbox 352 2838 402 2910; x_wconf 79' lang='grc' dir='ltr'>τῆς</span> <span class='ocrx_word' id='word_1_247' title='bbox 416 2837 549 2910; x_wconf 83' lang='grc' dir='ltr'>στρατιῆς</span> <span class='ocrx_word' id='word_1_248' title='bbox 567 2833 685 2911; x_wconf 80' lang='grc' dir='ltr'>ἀριθμόν</span> <span class='ocrx_word' id='word_1_249' title='bbox 706 2834 838 2894; x_wconf 88' lang='grc' dir='ltr'>ἐποιέετο.</span> <span class='ocrx_word' id='word_1_250' title='bbox 875 2831 969 2893; x_wconf 88' lang='grc' dir='ltr'>Ὅσον</span> <span class='ocrx_word' id='word_1_251' title='bbox 981 2831 1018 2891; x_wconf 88' lang='grc'>60</span> 
     </span>
     <span class='ocr_line' id='line_1_33' title="bbox 170 2919 972 3001; baseline -0.002 -20"><span class='ocrx_word' id='word_1_252' title='bbox 170 2923 222 2999; x_wconf 91' lang='grc' dir='ltr'>μέν</span> <span class='ocrx_word' id='word_1_253' title='bbox 241 2950 289 2982; x_wconf 93' lang='grc' dir='ltr'>νυν</span> <span class='ocrx_word' id='word_1_254' title='bbox 310 2923 424 2982; x_wconf 80' lang='grc' dir='ltr'>ἔκαστοι</span> <span class='ocrx_word' id='word_1_255' title='bbox 443 2926 577 3001; x_wconf 85' lang='grc' dir='ltr'>παρεῖχον</span> <span class='ocrx_word' id='word_1_256' title='bbox 596 2924 707 2998; x_wconf 84' lang='grc' dir='ltr'>πλῆθος</span> <span class='ocrx_word' id='word_1_257' title='bbox 728 2926 755 2984; x_wconf 86' lang='grc' dir='ltr'>ἐς</span> <span class='ocrx_word' id='word_1_258' title='bbox 775 2919 901 2998; x_wconf 83' lang='grc' dir='ltr'>α’ριθμδν,</span> <span class='ocrx_word' id='word_1_259' title='bbox 923 2921 972 2980; x_wconf 77' lang='grc' dir='ltr'>οὐκ</span> 
     </span>
     <span class='ocr_line' id='line_1_34' title="bbox 171 3007 972 3091; baseline 0.001 -23"><span class='ocrx_word' id='word_1_260' title='bbox 171 3012 225 3090; x_wconf 82' lang='grc' dir='ltr'>ἔχω</span> <span class='ocrx_word' id='word_1_261' title='bbox 246 3010 320 3068; x_wconf 84' lang='grc' dir='ltr'>εἶπαι</span> <span class='ocrx_word' id='word_1_262' title='bbox 333 3009 367 3068; x_wconf 81' lang='grc' dir='ltr'>τδ</span> <span class='ocrx_word' id='word_1_263' title='bbox 380 3009 500 3086; x_wconf 81' lang='grc' dir='ltr'>α’τρεκές·</span> <span class='ocrx_word' id='word_1_264' title='bbox 522 3010 554 3068; x_wconf 85' lang='grc' dir='ltr'>ού</span> <span class='ocrx_word' id='word_1_265' title='bbox 567 3010 621 3091; x_wconf 73' lang='grc' dir='ltr'>γάρ</span> <span class='ocrx_word' id='word_1_266' title='bbox 635 3011 748 3091; x_wconf 88' lang='grc' dir='ltr'>λέγεται</span> <span class='ocrx_word' id='word_1_267' title='bbox 761 3008 831 3084; x_wconf 83' lang='grc' dir='ltr'>πρδς</span> <span class='ocrx_word' id='word_1_268' title='bbox 845 3007 972 3084; x_wconf 78' lang='grc' dir='ltr'>οὐδαμῶν</span> 
     </span>
     <span class='ocr_line' id='line_1_35' title="bbox 170 3096 973 3176; baseline -0.005 -20"><span class='ocrx_word' id='word_1_269' title='bbox 170 3096 331 3176; x_wconf 69' lang='grc' dir='ltr'>ἀνθρώπων·</span> <span class='ocrx_word' id='word_1_270' title='bbox 360 3097 522 3174; x_wconf 84' lang='grc' dir='ltr'>σύμπαντος</span> <span class='ocrx_word' id='word_1_271' title='bbox 542 3097 571 3156; x_wconf 83' lang='grc' dir='ltr'>δέ</span> <span class='ocrx_word' id='word_1_272' title='bbox 595 3101 644 3156; x_wconf 85' lang='grc' dir='ltr'>τοῦ</span> <span class='ocrx_word' id='word_1_273' title='bbox 668 3100 792 3173; x_wconf 84' lang='grc' dir='ltr'>στρατοῦ</span> <span class='ocrx_word' id='word_1_274' title='bbox 814 3099 864 3152; x_wconf 81' lang='grc' dir='ltr'>τοῦ</span> <span class='ocrx_word' id='word_1_275' title='bbox 888 3096 973 3164; x_wconf 79' lang='grc' dir='ltr'>πεζοῦ</span> 
     </span>
     <span class='ocr_line' id='line_1_36' title="bbox 170 3179 968 3262; baseline -0.015 -16"><span class='ocrx_word' id='word_1_276' title='bbox 170 3186 203 3248; x_wconf 80' lang='grc' dir='ltr'>τό</span> <span class='ocrx_word' id='word_1_277' title='bbox 222 3187 333 3262; x_wconf 82' lang='grc' dir='ltr'>πλῆθος</span> <span class='ocrx_word' id='word_1_278' title='bbox 349 3185 439 3261; x_wconf 81' lang='grc' dir='ltr'>ἐφάνη</span> <span class='ocrx_word' id='word_1_279' title='bbox 454 3183 647 3261; x_wconf 84' lang='grc' dir='ltr'>ἐβδομήκοντα</span> <span class='ocrx_word' id='word_1_280' title='bbox 662 3183 707 3240; x_wconf 87' lang='grc' dir='ltr'>καὶ</span> <span class='ocrx_word' id='word_1_281' title='bbox 720 3181 818 3240; x_wconf 85' lang='grc' dir='ltr'>ἐκατὸν</span> <span class='ocrx_word' id='word_1_282' title='bbox 831 3179 968 3256; x_wconf 86' lang='grc' dir='ltr'>μυριάδες.</span> 
     </span>
     <span class='ocr_line' id='line_1_37' title="bbox 170 3266 971 3352; baseline -0.01 -18"><span class='ocrx_word' id='word_1_283' title='bbox 170 3274 363 3352; x_wconf 76' lang='grc' dir='ltr'>ἐξηρίθμησαν</span> <span class='ocrx_word' id='word_1_284' title='bbox 381 3273 410 3332; x_wconf 84' lang='grc' dir='ltr'>δὲ</span> <span class='ocrx_word' id='word_1_285' title='bbox 430 3272 509 3333; x_wconf 87' lang='grc' dir='ltr'>τόνδε</span> <span class='ocrx_word' id='word_1_286' title='bbox 522 3269 572 3330; x_wconf 77' lang='grc' dir='ltr'>τόν</span> <span class='ocrx_word' id='word_1_287' title='bbox 585 3267 698 3345; x_wconf 89' lang='grc' dir='ltr'>τρόπον·</span> <span class='ocrx_word' id='word_1_288' title='bbox 719 3266 923 3345; x_wconf 85' lang='grc' dir='ltr'>συναγαγόντες</span> <span class='ocrx_word' id='word_1_289' title='bbox 944 3269 971 3326; x_wconf 83' lang='grc' dir='ltr'>ἐς</span> 
     </span>
    </p>
   </div>
   <div class='ocr_carea' id='block_1_2' title="bbox 0 0 1144 3554">
    <p class='ocr_par' dir='ltr' id='par_1_2' title="bbox 0 0 1144 3554">
     <span class='ocr_line' id='line_1_38' title="bbox 0 0 1144 3554; baseline 0 0"><span class='ocrx_word' id='word_1_290' title='bbox 0 0 1144 3554; x_wconf 95' lang='lat' dir='ltr'> </span> 
     </span>
    </p>
   </div>
  </div>
 </body>
</html>
