2282 3550
143 1124 180 1180 23

190 161 236 209 216
495 160 675 209 ἨΡΟΔΟΤΟΤ
914 161 989 224 [VII.

188 243 238 299 τοῦ
252 240 399 319 γεγονότος
412 241 541 316 βασιλέϊ·
564 239 636 319 ὥστε
650 243 737 299 ταῦτα
750 241 887 322 λέγοντες,
901 267 991 318 περιε-

188 328 308 408 γίνοντο·
323 328 398 406 εἶχον
411 327 466 410 γάρ
478 329 523 387 καὶ
534 327 701 391 Θεσσαλούς
713 331 769 387 τῶν
782 328 875 409 λόγων
887 329 992 390 τούτων

189 414 339 492 μάρτυρας·
367 417 398 475 ου’
420 418 515 494 μέντοι
534 415 570 476 τά
593 443 627 497 γε
647 415 739 476 πάντα
761 415 927 496 εὐτύχησαν·
955 419 993 482 ὦς

188 502 243 585 γάρ
258 503 357 567 αύτούς
370 506 477 581 ἔλαβον
495 508 521 564 οἱ
541 505 688 582 βάρβαροι
707 505 849 575 ε’λθόντας,
863 506 927 570 τούς
939 509 992 583 μέν

189 617 265 656 τινας
289 594 334 650 καὶ
355 591 519 652 ἀπέκτειναν
538 593 714 670 προσιόντας,
736 593 801 656 τούς
821 594 851 654 δέ
870 599 993 659 πλεῦνας

189 679 286 754 αὐτῶν,
309 681 492 744 κελεύσαντος
512 682 628 758 Ξέρξεω,
646 682 755 751 ἔστιζον
776 683 917 762 στίγματα
936 684 992 758 βα-

190 768 298 844 σιλήῖα,
320 769 469 846 ἀρξάμενοι
490 769 612 854 α’πότοῦ
630 773 791 850 στρατηγοῦ
811 771 991 830 Λεοντιάδεω·

189 860 240 916 τοῦ
258 857 307 917 τόν
325 857 411 916 παῖδα
427 857 595 937 Εὐρύμαχον
613 857 705 937 χρόνῳ
718 860 865 934 μετέπειτα
880 858 993 934 ἐφόνευ-

190 971 246 1006 σαν
270 947 433 1016 Πλαταιέες,
462 946 700 1027 στρατηγήσαντα
727 945 831 1022 ἀνδρῶν
858 948 993 1022 Θηβαίων

189 1036 374 1112 τετρακοσίων
388 1036 434 1094 καὶ
448 1035 555 1113 σχόντα
568 1035 601 1095 τό
616 1034 688 1094 άστυ
701 1034 734 1095 τό
749 1035 919 1096 Πλαταιέων.

184 1124 202 1180 4
239 1126 276 1181 Οἱ
288 1127 339 1198 μὲν
352 1122 386 1199 δη
402 1123 465 1200 περὶ
483 1123 668 1200 Θερμοπύλας
679 1123 818 1198 Ἕλληνες
837 1123 906 1182 οὕτω
919 1123 993 1205 ἠγω-

190 1212 314 1271 νίσαντο·
350 1213 454 1288 Ξέρξης
480 1211 509 1270 δὲ
536 1213 659 1273 καλέσας
684 1209 862 1287 Δημάρητον,
893 1212 993 1287 εἰρώτα

192 1298 345 1377 ἀρξάμενος
366 1300 481 1359 ἐνθένδε·
510 1312 526 1335 “
537 1299 696 1376 Δημάρητε,
722 1299 792 1376 άνηρ
815 1298 852 1362 είς
876 1298 992 1380 ἀγαθός·

189 1389 372 1463 τεκμαίρομαι
389 1387 418 1445 δὲ
438 1392 474 1465 ’τῇ
493 1386 624 1465 άληθηίῃ·
650 1386 706 1446 ὅσα
722 1386 776 1468 γάρ
798 1385 883 1456 εἶπας,
905 1387 993 1448 ἅπαν-

189 1500 224 1533 τα
244 1474 339 1550 ἀπέβη
353 1475 433 1534 οὕτω·
460 1480 508 1535 νῦν
522 1476 600 1552 δέμοι
614 1477 681 1546 εἰπὲ,
705 1475 787 1535 κόσοι
807 1476 878 1538 τινές
895 1479 951 1535 εἰσι
965 1480 993 1536 οἱ

189 1564 286 1622 λοιποὶ
313 1563 536 1640 Λακεδαιμόνιοι,
559 1565 604 1622 καὶ
626 1563 730 1624 τούτων
750 1562 848 1624 όκόσοι
869 1569 993 1624 τοιοῦτοι

188 1651 224 1711 τά
250 1653 381 1727 πολέμια,
410 1653 464 1711 εἶτε
493 1653 538 1710 καὶ
562 1651 710 1720 όπαντες;”
745 1652 761 1711 ό
786 1651 809 1710 δ’
838 1651 906 1711 εἶπε·
944 1652 994 1712 “ὦ

190 1740 324 1816 βασιλεῦ,
350 1742 455 1816 πλῆθος
481 1742 533 1817 μὲν
559 1741 667 1800 πάντων
691 1744 745 1798 τῶν
768 1740 994 1817 Λακεδαιμονίων·

191 1830 301 1888 πολλόν
324 1829 369 1887 καὶ
390 1829 473 1892 πόλις
495 1829 610 1895 πολλαὶ,
633 1855 665 1887 το
689 1829 718 1886 δὲ
738 1829 829 1890 θέλεις
848 1829 993 1904 ε’κμαθέειν

191 1917 318 1992 εἰδήσεις·
349 1919 410 1976 ἔστι
437 1922 466 1976 έν
487 1919 523 1995 τῇ
545 1916 731 1992 Λακεδαίμονι
758 1916 882 1993 Σπάρτη,
907 1917 994 1981 πόλις

191 2005 296 2081 ἀνδρῶν
309 2005 524 2083 ὀκτακισχιλίων
534 2003 661 2081 μάλιστά
675 2029 719 2080 κη·
735 2001 810 2063 οὗτοι
824 2003 924 2067 πάντες
936 2007 993 2064 εἰσὶ

190 2092 283 2168 όμοῖοι
296 2097 372 2152 τοῖσι
390 2093 485 2152 ἐνθάδε
498 2093 733 2171 μαχεσαμένοισι·
755 2092 785 2150 οἶ
794 2118 828 2172 γε
840 2094 892 2168 μὲν
905 2091 994 2152 ἄλλοι

191 2182 404 2257 Λακεδαιμόνιοι
422 2180 548 2240 τούτοισι
564 2183 615 2256 μὲν
634 2178 684 2238 ούκ
702 2179 802 2255 ὁμοῖοι,
817 2178 918 2259 ἁγαθοὶ
934 2180 991 2239 δέ.”

190 2268 250 2326 εἶπε
271 2267 340 2344 πρός
361 2272 447 2326 ταῦτα
469 2269 582 2344 Ξέρξης·
613 2278 629 2302 “
640 2267 799 2343 Δημάρητε,
820 2268 872 2345 τέῳ
896 2268 992 2349 τρόπῳ

190 2353 385 2430 ἀπονητότατα
411 2360 466 2414 τῶν
492 2355 598 2432 α’νδρῶν
625 2356 728 2414 τούτων
756 2355 992 2433 ε’πικρατήσομενς

189 2444 228 2503 ’ίθι
249 2445 356 2524 ε’ξηγέο·
378 2445 414 2503 σύ
435 2446 489 2524 γάρ
512 2447 581 2522 έχεις
602 2443 691 2503 αὐτῶν
711 2445 761 2507 τός
782 2443 920 2513 διεξόδους
937 2449 993 2505 τῶν

142 2533 199 2590 235
210 2531 418 2608 βουλευμάτων,
447 2533 491 2591 οἶα
518 2532 658 2608 βασιλεύς
685 2531 856 2612 γενόμενος.”
900 2531 934 2592 ‘0
962 2535 992 2594 δὲ

189 2619 332 2698 ἀμείβετο·
355 2620 402 2679 “ιῖι
415 2623 548 2697 βασιλεῦ,
566 2625 589 2678 εἷ
602 2623 653 2697 μὲν
667 2620 700 2695 δή
720 2619 933 2696 συμβουλεύεαί
942 2647 992 2696 μοι

189 2709 344 2786 προθύμως,
360 2708 465 2768 δίκαιόν
478 2709 515 2786 μέ
531 2708 582 2768 σοι’
596 2713 658 2768 ε’στι
677 2707 794 2784 φράζειν
812 2706 845 2767 τό
864 2708 992 2782 ἄριστον.

189 2801 213 2854 εἶ
230 2801 280 2871 τῆς
298 2802 426 2873 ναυτικῆς
447 2801 581 2873 στρατιῆς
599 2796 660 2858 νέος
681 2796 843 2872 τριηκοσίας
860 2794 993 2854 ἀποστεί-

189 2888 266 2946 λειας
287 2885 332 2942 ε’πὶ
352 2885 403 2959 τὴν
430 2884 571 2944 Λάκαιναν
592 2883 695 2962 χιόρην·
724 2885 784 2942 ἔστι
805 2883 834 2942 δέ
858 2882 900 2942 ἐπ’
921 2883 994 2962 αὐτῇ

189 2975 276 3045 νῆσος
306 2972 463 3046 ἐπικειμένη
497 2975 532 3048 τῇ
561 2970 665 3047 οὔνομά
693 2976 754 3030 ε’στι
786 2971 912 3047 Κύθηρα,
939 2972 993 3047 τὴν

190 3058 294 3125 Χίλων,
309 3056 378 3132 ἀνὴρ
393 3057 457 3132 παρ’
472 3057 539 3132 η’μῖν
553 3058 719 3133 σοφώτατος
729 3059 885 3138 γενόμενος,
897 3059 994 3137 κέρδος

188 3145 279 3217 μέζον,
300 3145 361 3219 ἔφη,
384 3144 453 3202 εἶναι
474 3146 669 3224 Σπαρτιήτῃσι
688 3145 758 3204 κατὰ
776 3150 826 3221 τῆς
843 3146 994 3224 θαλάσσης

189 3229 398 3289 καταδεδυκέναι
419 3235 532 3306 μᾶλλον
552 3231 571 3306 ἢ
593 3233 745 3310 ύπερέχειν,
770 3235 826 3292 αἰεί
849 3260 877 3293 τι
903 3261 995 3311 προσ-

298 3313 335 3333 ),
376 3316 419 3335 Ἀ

188 3311 276 3372 δυκεὸν
288 3339 328 3372 απ
349 3341 434 3390 αυτης
446 3322 557 3377 τοιοῦτο
571 3319 688 3380 ἔσεσθαι
702 3319 761 3380 οἷόν
773 3346 800 3379 τι
815 3321 869 3400 ε’γο)
883 3322 996 3404 ἐξηγέο-
