2282 3550
199 144 246 190 σοι
500 139 684 189 Ἤτοιουοι
918 139 996 204 [νιι

197 220 342 279 τάσκοπον
363 220 457 289 ἱππέα,
479 219 588 279 ἰδέσθαι
608 218 708 279 ὁκόσοι
731 219 763 279 τέ
786 222 842 279 εἰσι
865 221 910 278 καὶ
932 219 947 280 ὅ
968 248 999 282 τι

196 309 316 366 ποιέοιεν
321 333 329 377 ;
351 306 466 383 ἀκηκόεε
480 307 510 366 δὲ
523 309 563 367 ἔτι
577 308 627 366 ἐών
647 313 676 366 ἐν
694 308 852 385 Θεσσαλίῃ,
867 307 902 371 οἷς
915 309 999 370 άλισ-

195 396 265 473 μένη
287 396 328 472 εἴη
349 395 436 474 ταίντη
457 396 575 472 στρατιή
597 394 689 476 ὀλίγη,
712 396 758 454 καὶ
777 395 842 459 τούς
858 395 999 476 ἡγεμόνας

196 482 232 546 ώς
246 485 344 559 εἴησαν
362 483 579 560 Λακεδαιμόνιοί
594 510 624 543 τε
643 485 689 542 καὶ
703 483 841 559 Λεωνίδης
855 483 906 543 ἐών
918 486 999 564 γένος

195 571 388 648 Ἡρακλειδης·
421 571 456 635 ώς
476 572 506 630 δέ
526 573 691 649 προσέλασε
712 571 728 632 ό
749 572 848 635 ἷππεύς
874 571 944 649 πρός
963 575 998 634 τὸ

196 659 396 737 στρατόπεδον,
416 660 522 736 ἐθηεῖτό
541 685 571 719 τε
588 660 634 718 καὶ
653 658 763 737 κατώρα
779 662 835 720 πᾶν
852 662 904 736 μὲν
917 659 950 719 οὔ
963 661 998 722 τό

195 749 396 826 στρατόπεδον·
409 748 474 811 τούς
483 748 538 829 γάρ
552 750 607 808 ἔσω
619 749 803 828 τεταγμένους
815 752 866 806 τοῦ
880 749 997 828 τείχεος,

193 837 227 897 τό
251 837 458 914 ἀνορθώσαντες
479 836 556 915 εἶχον
577 842 605 896 ἐν
627 839 749 914 φυλακῇ,
773 835 822 894 οὐκ
845 836 891 895 οἶά
910 863 942 896 τε
962 837 998 912 ἦν

196 926 367 986 κατιδέσθαι·
389 925 405 984 ό
426 925 457 984 δέ
472 924 536 988 τούς
555 925 605 994 ἔξω
628 924 763 1000 ἐμάνθανε
785 927 861 982 τοῖσι
877 923 932 1000 πρό
946 929 997 984 τοῦ

193 1016 300 1093 τείχεος
311 1014 347 1073 τά
361 1013 437 1073 ὅπλα
451 1015 547 1072 ἔκειτο·
570 1015 667 1091 ἔτυχον
681 1012 710 1070 δὲ
723 1015 823 1072 τοῦτον
832 1011 881 1071 τάν
893 1012 997 1090 χρόνον

193 1102 406 1179 Λακεδαιμόνιοι
433 1102 483 1171 ἔξω
509 1101 681 1181 τεταγμένοι·
717 1101 781 1162 τούς
804 1103 855 1176 μὲν
878 1100 912 1174 δή
938 1100 997 1178 ώρα

193 1192 415 1271 γυμναζομένους
428 1194 483 1251 τῶν
496 1189 609 1266 ἀνδρῶν,
624 1189 690 1252 τούς
702 1189 732 1248 δέ
744 1187 795 1252 τάς
809 1187 896 1265 κόμας
910 1216 996 1250 κτενι-

193 1282 332 1356 ζομένους·
346 1284 433 1338 ταῦτα
444 1279 477 1354 δὴ
489 1278 623 1354 θεώμενος
635 1277 765 1354 ἐθώμαζε,
781 1277 826 1336 καὶ
839 1277 871 1336 τό
885 1281 996 1354 πλῆθος

193 1367 336 1443 ἐμάνθανε,
350 1368 447 1443 μαθών
461 1367 490 1426 δὲ
504 1366 595 1426 πάντα
605 1365 739 1442 ἀτρεκέως
749 1364 893 1441 ἀπήλαυνε
903 1364 996 1426 ὀπίσω

193 1454 251 1513 κατ’
271 1454 401 1532 ἡσυχίην·
423 1453 486 1514 οὔτε
499 1453 554 1535 γάρ
567 1481 609 1518 τις
626 1455 718 1513 ἐδίωκε
732 1452 849 1534 ἀλογίης
862 1479 892 1512 τε
906 1455 996 1515 ἐνεκά-

192 1568 263 1618 ρησε
276 1547 397 1618 πολλῆς·
420 1543 551 1603 ἀπελθών
565 1543 594 1601 δέ
608 1544 687 1622 ἔλεγε
701 1541 772 1618 πρός
787 1542 892 1619 Ξέρξεα
905 1542 995 1621 τάπερ

144 1633 202 1689 209
215 1630 324 1690 ὀπώπεε
340 1631 440 1691 πάντα.
470 1630 592 1690 Ἀκούων
611 1629 640 1688 δὲ
659 1630 764 1706 Ξέρξης
780 1629 830 1689 οὐκ
847 1630 904 1709 εἶχε
923 1657 996 1708 συμ-

190 1720 335 1795 βαλέσθαι
348 1719 382 1779 τά
393 1720 446 1793 ἐόν,
463 1719 506 1780 ὅτι
520 1718 776 1796 παρασκευάζοιντο
791 1717 825 1780 oh
839 1717 994 1796 ἀπολεόμε-

192 1809 237 1867 νοί
254 1834 285 1868 τε
308 1809 352 1867 καὶ
377 1807 545 1870 ἀπολέοντες
573 1806 642 1866 κατά
669 1806 792 1884 δύναμιν·
828 1806 893 1866 ἀλλ’
921 1808 996 1889 αὐτῷ

190 1901 290 1978 γελοῖα
302 1897 358 1977 γάρ
373 1898 519 1972 ἐφαίνοντο
531 1896 640 1966 ποιέειν,
652 1896 850 1973 μετεπέμψατο
861 1896 994 1974 Δημάρη-

186 2001 240 2046 ’τον
252 1984 302 2046 τάν
315 1984 482 2063 Ἀρίστωνος
497 1984 577 2045 ἐόντα
591 1987 671 2061 ἐντῷ
685 1984 873 2063 στρατοπέδῳ·
896 1984 995 2045 ἀπικό·

185 2100 274 2150 ’μενον
294 2074 325 2133 δέ
343 2099 392 2151 μιν
409 2073 507 2150 εἰρώτα
523 2073 628 2150 Ξέρξης
645 2073 750 2131 ἕκαστα
763 2072 875 2142 τούτων,
891 2074 996 2134 ἐθέλων

190 2163 304 2238 μαθέειν
324 2162 356 2222 τό
378 2162 541 2238 ποιεύμενον
557 2160 627 2238 πρός
644 2165 699 2220 τών
716 2161 950 2238 Λακεδαιμονίων·
978 2161 995 2222 ά

190 2250 220 2308 δὲ
247 2249 315 2308 εἶπε·
351 2260 369 2286 “
378 2248 500 2325 ἤκουσας
529 2251 581 2326 μέν
608 2276 660 2325 μευ
687 2249 733 2308 καὶ
760 2248 904 2326 πρότερον,
933 2249 995 2310 εὖτε

189 2336 319 2414 ὁρμῶμεν
333 2338 378 2396 ἐπὶ
392 2337 443 2413 την
455 2337 591 2407 Ἑλλάδα,
605 2339 669 2415 περὶ
687 2342 742 2398 τῶν
759 2336 866 2414 ἀνδρῶν
879 2338 993 2398 τούτων·

192 2423 315 2488 ἀκούσας
336 2425 373 2496 δέ,
394 2425 504 2507 γέλωτά
524 2452 560 2501 με
582 2413 642 2485 ἐθευ
662 2427 782 2507 λέγοντα
803 2424 891 2502 τάπερ
917 2421 995 2502 ώρων

191 2512 372 2591 ἐκβησόμενα
382 2513 534 2595 πρήγματα
545 2518 641 2573 ταῦτα·
658 2515 719 2590 ἐμοὶ
729 2513 783 2594 γάρ
794 2513 845 2588 τὴν
855 2513 996 2591 άληθηΐην

189 2601 302 2662 ἀσκέειν
317 2601 397 2663 ἀντία
413 2606 473 2672 σεῦ,
493 2600 513 2660 ὦ
527 2603 660 2677 βασιλεῦ,
675 2601 750 2681 ἀγών
767 2601 902 2681 μέγιστός
922 2605 994 2662 ἐστι·

189 2688 313 2750 ἄκουσον
326 2690 355 2749 δὲ
369 2691 415 2748 καὶ
429 2693 486 2750 νῦν·
508 2693 534 2748 οἱ
553 2689 649 2766 ἀνδρες
668 2688 746 2749 οὗτοι
760 2689 892 2748 ἀπίκαται
906 2716 995 2769 μαχε-

190 2777 307 2855 σόμενοι
317 2777 384 2854 ἡμῖν
394 2778 458 2855 περὶ
471 2782 521 2853 τῆς
538 2778 646 2848 ἐσόδου,
661 2779 706 2836 καὶ
720 2778 808 2838 ταύτα
817 2775 995 2855 παρασκευά·

189 2866 293 2935 ζονται·
314 2864 398 2942 νόμος
414 2865 469 2947 γάρ
487 2873 544 2942 σφι
561 2865 630 2925 οὕτω
648 2867 718 2945 ἔχων
737 2866 808 2925 ἐστι’·
830 2865 913 2926 ἐπεάν
924 2868 995 2943 μέλ-

190 2955 264 3011 λωσι
285 2952 447 3012 κινδυνεύειν
466 2958 502 3031 τῇ
523 2957 609 3032 ψυχῇ,
627 2954 691 3014 τότε
713 2955 762 3017 τάς
779 2953 906 3030 κεφαλάς
927 2981 994 3014 κοσ-

189 3040 312 3114 μέονται·
333 3041 452 3099 ἐπίσταο
471 3041 508 3108 δὲ,
526 3045 549 3098 εἰ
567 3040 681 3104 τούτους
697 3069 728 3100 τε
745 3042 836 3101 καὶτὰ
854 3041 995 3118 ὑπομένον

190 3129 221 3182 ἐν
248 3126 363 3203 Σπάρτῃ
385 3127 599 3203 καταστρέψεαι,
625 3130 685 3188 ἐστι
710 3129 787 3188 οὐδὲν
814 3128 889 3188 ἀλλο
917 3131 996 3195 ἔθνος

190 3211 340 3290 ἀνθρώπων
358 3213 390 3276 τό
410 3218 452 3286 σέ,
467 3218 600 3290 βασιλεῦ,
614 3215 760 3293 ἀπομενέει
777 3221 873 3295 χεῖρας
887 3217 996 3278 ἀνταει-

191 3301 316 3372 υόμενον·
338 3307 387 3362 νῦν
399 3303 455 3382 γάρ
469 3301 538 3380 πρός
555 3303 714 3379 βασιληίην
727 3329 758 3362 τε
773 3305 819 3362 καὶ
833 3305 997 3381 καλλίστην
