2250 3552
144 140 286 203 101-104]
451 139 638 187 KAAAIOHH.
724 151 725 154 ’
900 138 947 185 329

144 221 273 279 ἔλασσον
286 219 411 298 εἶχοντῇ
427 216 516 296 μάχη·
538 217 598 276 ἐπεὶ
614 216 643 275 δὲ
658 219 714 276 τῶν
728 214 883 291 Ἀθηναίων
900 215 947 274 καὶ

142 311 200 368 τῶν
224 308 388 386 προσεχέων
415 305 431 366 ό
458 303 588 381 στρατός,
612 303 682 367 ὅκως
705 306 810 363 ἑωυτῶν
835 303 949 384 γένηται

142 394 177 454 τό
194 396 275 476 ἔργον
292 395 338 454 καὶ
357 394 398 472 μὴ
415 393 647 468 Λακεδαιμονίων,
663 390 948 469 παρακελευσάμενοι,

144 481 227 563 έργου
241 483 350 561 εἴχοντο
363 480 580 559 προθυμότερον,
592 481 716 540 ἐνθεῦτεν
729 477 782 556 ἤδη
794 483 948 556 ἑτεροιοῦτο

143 568 177 629 τό
198 573 325 650 πρῆγμα·
347 569 514 645 διωσάμενοι
526 568 581 648 γάρ
600 567 636 628 τά
654 567 740 647 γέρρα
759 565 844 637 οῦτοι,
865 568 949 645 φερό-

143 682 224 732 μενοι
240 657 379 717 ἐσέπεσον
399 656 480 719 άλέες
501 660 528 720 ές
547 655 611 719 τοῦς
632 656 757 732 Πέρσας·
779 657 806 714 οἱ
822 654 852 714 δὲ
872 654 947 726 δεξά-

143 770 231 822 μενοι,
247 747 293 805 καὶ
305 745 408 826 χρόνον
421 743 527 830 συχνόν
542 743 718 821 ἀμυνόμενοι,
732 744 814 806 τέλος
830 745 949 825 ἔφευγον

144 837 173 896 ές
185 833 219 895 τό
231 838 335 913 τεῖχος·
355 833 500 910 Ἀθηναῖοι
515 833 545 892 δὲ
564 833 610 891 καὶ
629 833 774 909 Κορίνθιοι
787 832 833 890 καὶ
847 831 948 897 Σικυῶ-

144 947 198 982 νιοι
216 923 263 982 καὶ
282 922 447 1004 Τροιζήνιοι,
467 920 550 1002 (οὕτω
568 920 623 1002 γάρ
639 919 714 996 ἦσαν
733 919 831 996 ἐπεξῆς
851 946 948 1002 τεταγ-

142 1010 244 1090 μένοι)
265 1010 504 1088 συνεπισπόμενοι
524 1009 731 1070 συνεσέπιπτον
752 1013 780 1072 ές
794 1007 828 1068 τό
846 1012 948 1087 τεῖχος·

145 1096 181 1160 ῶς
202 1098 232 1157 δὲ
252 1098 298 1157 καὶ
318 1099 351 1158 τό
372 1101 464 1176 τεῖχος
482 1097 626 1175 ἀραίρητο,
644 1095 700 1156 οὔτ’
715 1097 754 1156 ἑτι
772 1096 842 1174 πρός
858 1095 949 1174 άλκήν

145 1184 298 1262 ἐτράποντο
319 1189 346 1246 οἱ
365 1186 512 1264 βάρβαροι
531 1185 602 1263 πρός
623 1184 716 1266 φυγήν
734 1210 765 1244 τε
784 1184 905 1262 ὁρμέατο
921 1188 949 1245 οἶ

144 1271 230 1333 α”λλοι
250 1273 327 1350 πλῆν
348 1274 490 1350 Περσέων·
512 1271 589 1333 οῦτοι
609 1273 639 1332 δὲ
664 1271 721 1332 κατ’
742 1271 856 1354 ὀλίγους
874 1273 947 1354 γινό-

143 1387 231 1438 μενοι,
247 1361 385 1442 ε’μάχοντο
401 1364 478 1421 τοῖσι
493 1362 547 1421 αἰεὶ
568 1366 595 1425 ές
614 1361 647 1421 τό
667 1363 760 1438 τεῖχος
777 1362 947 1421 ἐπέπουσι

143 1449 298 1525 Ἑλλήνων.
340 1451 458 1510 καὶτῶν
476 1453 642 1530 στρατηγῶν
660 1453 714 1508 τῶν
733 1453 882 1526 Περσικῶν
898 1449 947 1510 δύο
992 1504 994 1508 .

143 1540 196 1614 μὲν
208 1537 412 1619 ἀποφεύγουσι,
427 1537 476 1597 δύο
490 1537 519 1596 δὲ
532 1541 693 1597 τελευτῶσι·
714 1535 883 1616 Ἀρταΰντης
895 1541 947 1614 μὲν
963 1613 965 1618 Ι

145 1626 191 1684 καὶ
202 1623 370 1703 Ἰθαμίτρης,
381 1629 431 1686 τοῦ
444 1628 573 1686 ναυτικοῦ
586 1626 812 1706 στρατηγέοντες,
823 1626 946 1702 α’ποφεῦ-

144 1739 237 1794 γουσι·
279 1713 446 1790 Μαρδόντης
466 1713 495 1773 δὲ
514 1715 560 1773 καὶ
579 1713 595 1773 ό
616 1718 666 1774 τοῦ
686 1715 770 1785 πεζοῦ
787 1715 945 1795 στρατηγός

145 1801 281 1882 Τιγράνης
289 1802 445 1882 μαχόμενοι
455 1805 614 1862 τελευτῶσι.
646 1800 710 1860 Ἔτι
720 1802 750 1861 δὲ
759 1803 925 1882 μαχομένων
937 1805 993 1863 103

144 1893 198 1949 τῶν
225 1891 358 1966 Περσέων
385 1889 518 1950 άπίκοντο
538 1887 753 1966 Λακεδαιμόνιοι
774 1890 819 1948 καὶ
839 1892 867 1949 οἶ
885 1889 945 1966 μετ’

144 1975 241 2046 αὐτῶν,
257 1978 302 2036 καὶ
315 1978 350 2037 τά
366 1978 454 2037 λοιπά
473 1977 695 2056 συνδιεχείριζον.
739 1976 841 2038 ἑπεσον
856 1977 945 2037 δὲκαὶ

144 2064 233 2124 αῦτῶν
248 2069 304 2126 τῶν
320 2065 465 2141 Ἑλλήνων
486 2066 586 2144 συχνοὶ
607 2065 725 2125 ἐνθαῦτα
745 2064 829 2124 ἄλλοι
849 2091 880 2125 τε
900 2067 946 2125 καὶ

145 2151 297 2224 Σικυώνιοι,
312 2155 357 2213 καὶ
371 2154 530 2235 στρατηγός
540 2154 689 2230 Περίλεως.
723 2155 777 2212 τῶν
791 2153 820 2222 δὲ
834 2154 946 2230 Σαμίων
970 2223 972 2228 Ι

144 2242 170 2299 οἱ
190 2240 416 2318 στρατευόμενοι,
437 2240 527 2304 ε’όντες
547 2267 578 2302 τε
598 2245 628 2301 ἑν
647 2244 685 2320 τῷ
705 2243 885 2322 στρατοπέδῳ
905 2247 944 2323 τῷ

144 2328 261 2407 Μηδικῷ
273 2329 319 2388 καὶ
333 2329 553 2408 ἀπαραιρημένοι
566 2328 602 2389 τά
615 2328 700 2400 ὅπλα,
712 2329 746 2394 ῶς
761 2329 834 2392 εἶδον
847 2331 945 2392 αι’τίκα

144 2415 203 2475 κατ’
223 2415 312 2496 άρχοῖς
331 2418 481 2499 γινομένην
501 2418 650 2495 ἑτεραλκέα
670 2416 722 2494 τήν
741 2419 845 2500 μάχην,
867 2421 946 2497 ἔρδον

143 2503 213 2564 ὅσον
228 2501 374 2580 ἠδυνέατο,
388 2506 601 2584 προσωφελέειν
622 2505 764 2571 ἐθέλοντες
783 2510 861 2567 τοῖσι
876 2508 944 2567 'EA-

142 2596 222 2669 λησι·
243 2593 366 2671 Σαμίους
383 2593 414 2654 δὲ
432 2593 534 2657 ἰδόντες
554 2597 580 2653 οἶ
596 2592 682 2652 ἄλλοι
694 2591 788 2658 Ἴωνες
801 2593 944 2671 ἄρξαντας,

142 2679 213 2741 οὕτω
223 2680 258 2756 δὴ
270 2683 315 2740 καὶ
326 2680 405 2742 αὐτοὶ
415 2680 590 2744 ἀποστάντες
602 2681 658 2742 άπὸ
670 2683 803 2759 Περσέων
814 2683 944 2743 ἐπέθεντο

141 2772 218 2829 τοῖσι
240 2770 429 2847 βαρβάροισι.
471 2770 644 2845 Μιλησίοισι
666 2769 696 2829 δέ
717 2771 924 2848 προσετέτακτο
934 2774 991 2837 104

141 2858 193 2934 μὲν
221 2861 276 2919 τῶν
304 2861 438 2936 Περσέων
464 2856 513 2922 τάς
540 2858 647 2922 διόδους
677 2862 779 2936 τηρεῖν,
807 2860 945 2936 σωτηρίης

142 2945 232 3006 εἵνεκά
245 2952 311 3023 σφι·
334 2946 377 3017 ῶς,
391 2946 426 3023 ἢν
438 2945 493 3024 ἄρα
507 2947 599 3021 σφέας
612 2946 819 3026 καταλαμβάνῃ
833 2947 879 3006 οἶά
891 2974 944 3026 περ

141 3033 291 3111 κατέλαβε,
313 3036 423 3115 ἔχοντες
440 3033 579 3115 ἡγεμόνας
595 3033 737 3107 σώζωνται
753 3040 780 3099 ές
797 3035 846 3098 τάς
866 3063 944 3114 κορυ-

141 3121 199 3198 φᾶς
211 3127 262 3199 τῆς
274 3123 421 3199 Μυκάλης·
443 3123 604 3202 ἐτάχθησαν
616 3124 669 3200 μέν
682 3150 730 3184 νυν
749 3126 795 3183 έπὶ
810 3127 893 3184 τοῦτο
908 3124 942 3184 τῦ

141 3214 259 3291 πρῆγμα
275 3214 302 3270 οἱ
323 3209 473 3286 Μιλήσιοι,
486 3210 586 3270 τοῦτου
605 3237 636 3271 τε
657 3212 758 3272 εἵνεκεν
775 3213 821 3270 καὶ
842 3212 943 3289 ἵναμὴ

142 3297 290 3375 παρεόντες
303 3303 331 3358 ἑν
344 3302 382 3376 τῷ
395 3298 574 3377 στρατοπέδῳ
590 3324 617 3358 τι
634 3299 753 3378 νεοχμόν
766 3301 894 3360 ποιέοιεν·
916 3303 942 3360 οἱ
