2258 3568
172 130 187 176 s
284 143 286 148 ·
483 128 668 178 Ἧνοιοτου
926 131 971 196 [ν.

173 209 283 278 πόλιας,
298 209 397 268 αὐτίκα
416 209 662 273 διασκεδασθέντες
681 207 740 269 κατ’
759 209 874 274 ἑωυτούς
891 211 971 272 ἐκασ·

170 321 215 356 τοι
231 296 392 374 ἐτράποντο,
408 297 453 356 καὶ
471 297 658 375 παρεδίδοσαν
674 299 766 373 σφέας
782 297 882 361 αύτούς
896 304 973 360 τοῖσι

172 385 315 464 Πέρσησι·
345 384 416 445 οὕτω
443 384 477 461 δή
502 385 631 446 Παιόνων
663 387 844 462 Σιροπαίονές
869 413 901 446 τε
924 389 973 448 ικαὶ

172 474 319 534 Παιόπλαι
340 475 386 532 καὶ
406 476 433 533 οἰ
456 500 540 553 μεχρι
559 479 609 550 τῆς
630 474 793 552 Πρασιάδος
813 477 921 552 λίμνης,
943 477 974 548 ἐξ

123 564 160 620 16
171 561 261 638 ἠθέων
279 561 487 633 ἐξαναστάντες,
500 589 604 645 ηγοντο
623 568 650 626 ἐς
665 563 717 639 τήν
736 562 844 639 Ἀσίην.
890 568 927 624 Οἰ
943 565 973 624 δὲ

170 651 234 728 περὶ
247 651 280 712 τά
294 651 442 734 Πάγγαιον
456 650 537 729 οὖρος
553 652 598 710 καὶ
612 651 747 728 Δόβηρας
765 652 810 710 καὶ
823 651 973 732 Ἀγριᾶνας

171 741 216 798 καὶ
223 739 413 818 Ὀδομάντους
423 741 469 799 καὶ
479 739 566 816 αύτην
575 739 627 816 την
637 741 739 817 λίμνην
748 739 800 815 την
810 741 971 816 Πρασιάδα,

170 827 220 887 ούκ
239 829 428 908 ἐχειρώθησαν
440 828 531 906 άρχην
544 829 599 888 υπὸ
613 826 797 908 Μεγαβάζου.
840 829 972 907 ἐπειρήθη

169 916 199 976 δέ
212 918 258 976 καί
271 917 336 981 τούς
350 923 378 978 ἐν
391 919 523 996 τῇλίμνη
534 917 672 993 ἐξαιρέειν,
688 913 740 974 ὦδε
748 918 971 994 κατοικημένους·

169 1007 243 1083 ἰκρία
257 1006 302 1065 ἐπὶ
315 1010 443 1083 σταυρῶν
452 1005 568 1084 ύψηλῶν
579 1005 727 1085 ἐζευγμένα
742 1009 770 1064 ἐν
782 1005 859 1084 μέση
870 1006 971 1081 ἔστηκε

169 1097 206 1173 τῇ
219 1095 314 1174 λίμνη,
326 1093 425 1154 ἔσοδον
439 1099 468 1154 ἐκ
482 1097 533 1170 τῆς
545 1092 661 1170 ἠπείρου
675 1092 788 1168 στεινὴν
807 1093 907 1172 ἔχοντα
919 1097 972 1176 μιῇ

168 1183 289 1264 γεφύρῃ·
315 1183 380 1247 τούς
400 1184 430 1242 δὲ
450 1182 589 1261 σταυρούς
611 1181 676 1246 τούς
699 1180 875 1246 ὑπεστεῶτας
894 1187 972 1244 τοῖσι

170 1272 284 1347 ἰκρίοισι
299 1271 332 1332 τδ
345 1272 398 1348 μέν
412 1298 461 1330 κου
474 1271 592 1349 ἀρχαῖον
603 1271 728 1347 ἔστησαν
742 1275 820 1350 κοιιῄ
830 1269 932 1335 πάντες
945 1275 972 1332 οἰ

167 1363 311 1436 πολιῆται·
338 1359 409 1436 μετά
430 1359 467 1429 δέ,
484 1358 559 1438 νόμιρ
574 1359 725 1436 χρεώμενοι
747 1363 845 1419 ἱστᾶσι
866 1361 970 1438 τοιῷδε·

169 1449 327 1525 κομίζοντες
338 1448 368 1518 ἐξ
381 1447 476 1525 οὔρεος
488 1451 527 1526 τῷ
540 1445 644 1522 ούνομά
658 1451 719 1506 ἐστι
727 1446 885 1524 Ὄρβηλος,
900 1447 971 1508 κατά

168 1539 285 1616 γυναῖκα
299 1535 420 1612 ἑκάστην
433 1535 448 1595 ὁ
461 1537 572 1617 γαμέων
585 1539 658 1612 τρεῖς
671 1534 809 1612 σταυρούς
822 1534 969 1612 ὑπίστησι·

168 1622 265 1705 ἄγεται
279 1625 308 1683 δέ
323 1625 440 1687 ἕκαστος
454 1623 561 1702 συχνάς
579 1627 718 1704 γυναῖκας.
742 1627 848 1682 οἰκεῦσι
867 1623 897 1682 δέ
914 1650 970 1684 τοι·

168 1716 250 1772 οΰτον
260 1712 373 1790 τρόπον,
386 1711 507 1789 κρατέων
521 1712 639 1775 ἕκαστος
653 1713 699 1771 ἐπὶ
711 1717 766 1772 τῶν
780 1713 872 1788 ἰκρίων
886 1712 970 1772 καλύ-

167 1801 225 1876 βης
235 1826 266 1860 τε
276 1806 304 1861 ἐν
317 1799 338 1881 ᾖ
351 1801 496 1874 διαιτᾶται,
513 1801 558 1858 καὶ
573 1799 656 1877 θύρης
669 1804 847 1876 καταπακτῆς
857 1801 903 1860 διὰ
915 1805 970 1862 τῶν

167 1889 260 1965 ἰκρίων
281 1889 354 1948 κάτω
375 1888 517 1965 φερούσης
535 1892 562 1951 ἐς
580 1888 632 1964 τὴν
652 1889 762 1966 λίμνην·
787 1887 823 1948 τά
841 1889 870 1948 δὲ
884 1889 969 1966 νήπια

167 1976 264 2036 παιδία
287 1977 383 2037 δέουσι
402 1981 452 2036 τοῦ
473 1976 558 2039 ποδός
574 1976 699 2056 σπάρτῳ,
715 1975 756 2053 μὴ
775 1979 969 2058 κατακυλισθῇ

167 2065 361 2142 δειμαίνοντες·
398 2068 476 2124 τοῖσι
497 2065 527 2123 δέ
548 2065 660 2124 ἵπποισι
681 2066 727 2124 καὶ
744 2067 821 2125 τοῖσι
839 2065 968 2148 ύποζυγί-

166 2179 224 2213 οισι
240 2155 398 2233 παρέχουσι
413 2153 516 2232 χόρτον
538 2153 625 2231 ἰχθῦς·
653 2158 709 2214 τῶν
729 2153 758 2212 δὲ
778 2154 888 2230 πλῆθός
907 2161 968 2216 ἐστι

165 2246 311 2313 τοσοῦτον,
340 2241 412 2302 ὥστε
436 2240 503 2301 ὅταν
529 2241 581 2316 τὴν
608 2241 695 2319 θύρην
716 2241 767 2317 τήν
789 2245 968 2319 καταπακτὴν

167 2329 311 2408 ἀνακλίνῃ,
338 2330 426 2390 κατίει
459 2355 564 2409 σχοινῳ
591 2330 714 2407 σπυρίδα
744 2331 836 2406 κεινην
864 2336 891 2395 ἐς
916 2332 968 2408 την

167 2419 277 2495 λίμνην,
293 2419 339 2477 καὶ
352 2417 384 2478 ού
399 2422 510 2477 πολλον
523 2443 585 2477 τινα
594 2445 697 2498 χρονον
708 2418 841 2498 ἐπισχών,
852 2419 968 2500 άνασπᾷ

164 2505 275 2583 πλήρεα
302 2506 413 2585 ἰχθύων.
454 2509 510 2566 τῶν
534 2506 563 2566 δὲ
587 2506 687 2586 ἰχθύων
711 2509 773 2567 ἐστὶ
797 2509 880 2589 γένεα
909 2509 966 2579 δύο,

164 2594 229 2658 τούς
245 2595 381 2654 καλέουσι
396 2593 545 2671 πάπρακάς
560 2621 591 2654 τε
608 2595 654 2654 καὶ
666 2598 795 2660 τίλωνας.
838 2597 965 2658 Παιόνων

163 2685 215 2759 μὲν
229 2683 262 2759 δή
277 2687 304 2742 οἰ
316 2683 493 2762 χειρωθέντες
505 2681 608 2764 ἦγοντο
622 2689 649 2748 ἐς
662 2683 714 2760 την
726 2683 836 2761 Ἀσίην.

118 2769 153 2830 17
205 2770 380 2852 ’Μεγάβαζος
414 2770 444 2829 δέ
479 2770 514 2834 ὥς
541 2771 712 2852 ἐχειρώσατο
742 2773 807 2836 τούς
834 2774 964 2846 Παίονας,

165 2860 270 2936 πέμπει
278 2858 416 2940 άγγέλους
427 2864 455 2922 ἐς
465 2859 641 2936 Μακεδονίην
651 2858 751 2938 ἄνδρας
762 2860 832 2920 ἐπτά
842 2863 964 2938 Πέρσας,

166 2947 193 3006 οἰ
205 2947 265 3024 μετ’
280 2947 364 3008 αὐτόν
382 2951 471 3008 κἐἳνον
489 2946 564 3024 ἦσαν
583 2948 766 3025 δοκιμώτατοι
783 2955 811 3009 ἐν
829 2953 867 3028 τῷ
881 2977 964 3028 στρα·

162 3035 279 3115 τοπέδῳ·
301 3037 458 3114 ἐπέμποντο
472 3036 503 3096 δὲ
516 3035 593 3096 οὗτοι
606 3037 671 3114 παρ’
683 3037 824 3114 Ἀμύντην
837 3037 964 3115 αἰτήσον-

162 3151 208 3188 τες
220 3128 274 3207 γῆν
286 3151 318 3185 τε
332 3126 377 3188 καὶ
387 3124 458 3203 ὕδωρ
473 3125 582 3205 Δαρείῳ
594 3127 722 3202 βασιλέϊ.
756 3128 817 3186 ἐστι
830 3127 861 3186 δέ
873 3133 903 3186 ἐκ
916 3131 967 3204 τῆς

163 3213 327 3292 Πρασιάδος
351 3215 452 3293 λίμνης
471 3214 610 3292 σύντομος
634 3213 722 3292 κάρτα
746 3219 774 3278 ἐς
796 3213 848 3291 την
870 3219 965 3274 Μακε-

162 3302 265 3381 δονίην·
305 3308 402 3380 πρῶτα
433 3305 486 3380 μὲν
512 3302 567 3380 γάρ
602 3303 694 3380 ἔχεται
720 3305 771 3379 τῆς
797 3303 898 3379 λίμνης
929 3302 964 3364 τά
