2276 3554
160 129 272 194 ιιι-οι]
477 118 661 180 nomm.
920 131 964 184 ιιι

161 211 211 270 κὸν
240 210 325 280 ἐθνος,
349 208 468 287 ὕστερον
495 211 524 268 δὲ
550 210 671 273 Ἰωνικόν
695 211 800 287 ἐκλήθη
825 211 894 271 κατά
918 211 966 272 τόν

160 298 247 372 αὐτόν
270 297 359 380 λόγον
386 299 433 357 καὶ
458 301 484 357 οἱ
526 299 728 362 υωδεκαπόλιες
747 299 838 362 Ἴωνες
866 305 892 360 οἱ
919 299 965 359 ἀπ’

159 387 307 462 Ἀθηνέων.
351 388 466 450 Αἰολέες
494 387 523 446 δέ
547 386 680 463 ἐξήκοντα
704 388 766 450 νέας
790 389 964 468 παρείχοντο,

160 475 364 551 ἐσκευασμένοι
381 502 412 534 τε
432 475 467 538 ὥς
481 475 620 552 Ἕλληνες
642 477 688 534 καὶ
708 475 741 536 τό
760 476 850 535 πάλαι
869 476 965 537 καλεό-

159 589 240 640 μενοι
254 563 413 644 Πελασγοὶ,
433 563 469 626 οἷς
486 563 631 640 Ἑλλήνων
650 564 745 646 λόγος.
788 564 972 640 Ἑλλησπόν-

158 677 215 710 τιοι
237 652 274 721 δέ,
296 650 372 726 πλήν
392 650 565 727 Ἀβυδηνῶν·
588 651 783 732 (Ἀβυδηνοῖσι
802 652 856 734 γάρ
876 681 963 730 προσ-

160 741 290 800 ετέτακτο
304 745 334 798 ἐκ
347 741 495 817 βασιλέος,
510 740 581 800 κατὰ
594 740 687 820 χώρην
700 741 825 818 μένουσι,
836 743 964 817 φύλακας

160 829 231 888 εἶναι
251 833 306 888 τῶν
327 829 492 910 γεφυρέων)
514 831 540 888 οἱ
563 829 592 887 δέ
614 831 711 888 λοιποὶ
734 835 762 888 ἐκ
783 835 832 888 τοῦ
854 828 964 889 Πόντου

160 917 385 994 στρατευόμενοι,
408 919 575 996 παρείχοντο
596 919 649 993 μέν
667 917 763 977 ἐκατόν
784 919 853 988 νέας,
872 923 964 977 ἐσκευ-

159 1007 280 1082 ασμένοι
299 1006 328 1064 δὲ
347 1004 422 1081 ἦσαν
441 1005 631 1081 ὦςἜλληνες.
675 1003 751 1065 οὗτοι
765 1006 794 1064 δέ
807 1005 904 1066 Ἰώνων
918 1007 963 1064 καὶ

161 1094 290 1170 Δωριέων
310 1093 439 1153 άποικοι·

200 1181 391 1258 Ἐπεβάτευον
405 1183 435 1240 δέ
449 1181 494 1240 ἐπὶ
507 1183 621 1242 πασέων
634 1187 689 1242 τῶν
706 1187 773 1243 νεῶν
792 1184 904 1259 Πέρσαι
919 1183 964 1243 καὶ
973 1188 1010 1244 96

159 1272 256 1346 Μῆδοι
267 1271 314 1329 καὶ
325 1270 422 1334 Σάκαι.
446 1270 550 1330 τούτων
561 1271 590 1330 δὲ
600 1270 704 1349 ἄριστα
714 1271 858 1334 πλεούσας
872 1274 965 1349 παρεί-

157 1386 246 1439 χοντο
260 1361 322 1423 νέας
332 1360 464 1429 Φοίνικες,
476 1360 522 1417 καὶ
533 1360 665 1420 Φοινίκων
677 1360 811 1423 Σιδώνιοι.
838 1360 964 1422 τούτοισι

158 1453 241 1518 πᾶσι,
261 1448 308 1507 καὶ
327 1452 404 1508 τοῖσι
424 1453 451 1511 ἐς
471 1447 520 1507 τόν
541 1448 624 1518 πεζόν
646 1450 842 1529 τεταγμένοισι
866 1448 962 1524 αὐτῶν,

158 1539 271 1612 ἐπὴσαν
289 1535 434 1596 ἑκάστοισι
453 1535 596 1615 ἐπιχώριοι
611 1535 754 1618 ἡγεμόνες
779 1542 834 1598 τῶν
853 1538 914 1619 ἐγω,
931 1537 963 1598 οὗ

157 1625 213 1706 γάρ
227 1625 366 1707 άναγκαίη
380 1625 527 1706 ἐξέργομαι
541 1631 567 1688 ἐς
582 1625 707 1703 ἱστορίης
720 1626 815 1706 λόγον,
832 1627 864 1686 οὗ
876 1654 963 1704 παρα·

439 1714 445 1734 λ
487 1715 498 1737 Ι

156 1714 312 1790 μέμνημαι·
334 1712 397 1773 οὔτε
410 1740 464 1795 γαρ
485 1715 576 1776 εθνεος
596 1713 714 1773 ἑκάστου
730 1715 836 1784 ἐπάξιοι
849 1715 923 1790 ἦσαν
937 1719 964 1776 οἱ

157 1801 302 1882 ἡγεμόνες,
320 1803 349 1862 ἐν
367 1829 398 1861 τε
417 1803 488 1862 ἔθνεϊ
507 1801 615 1882 ἑκάστω
635 1802 754 1880 ὅσαιπερ
773 1803 878 1874 πόλιες,
897 1831 963 1863 τοσ-

158 1895 237 1950 οῦτοι
260 1891 306 1950 καὶ
331 1891 465 1972 ἡγεμόνες
486 1890 569 1967 ἦσαν·
593 1893 705 1952 εἵποντο
725 1893 754 1951 δὲ
774 1893 808 1955 ὥς
827 1892 858 1952 οὗ
879 1921 963 1971 στρα-

157 1981 248 2060 τηγοὶ,
266 1979 332 2038 ἀλλ’
353 1979 448 2056 ὥσπερ
470 1983 496 2038 οἱ
517 1979 602 2040 ἄλλοι
620 1981 836 2057 στρατευόμενοι
857 1983 962 2049 δοῦλοι·

158 2069 219 2126 ἐπεὶ
243 2069 402 2150 στρατηγοί
422 2095 452 2128 τε
475 2071 501 2127 οἱ
524 2069 557 2128 τδ
579 2074 635 2128 πᾶν
658 2071 766 2148 ἔχοντες
794 2071 894 2148 κράτος
919 2072 964 2130 καὶ

158 2156 292 2236 ἄρχοντες
317 2161 372 2216 τῶν
400 2158 499 2216 ἐθνέων
526 2157 657 2228 ἑκάστων,
686 2157 749 2218 ὅσοι
774 2158 863 2218 αὐτῶν
889 2159 963 2235 ἦσαν

158 2247 280 2322 Πέρσαι,
296 2246 417 2322 εἰρέαταί
428 2272 486 2322 μοι.
521 2252 576 2306 Τοῦ
591 2247 620 2304 δέ
634 2253 762 2306 ναυτικοῦ
778 2248 963 2329 ἐστρατήγεον
972 2251 1009 2310 97

158 2334 225 2393 οἶδε·
246 2334 430 2414 Ἀριαβίγνης
450 2361 481 2394 τε
502 2335 517 2394 ὁ
540 2336 667 2411 Δαρείου,
687 2337 732 2394 καὶ
750 2337 926 2413 Πρηξάσπης
947 2338 962 2397 ό
1020 2342 1023 2346 ’

157 2423 343 2492 Ἀσπαθίνεω,
354 2425 399 2480 καὶ
410 2423 583 2504 Μεγάβαζος
594 2424 609 2482 ὁ
619 2425 804 2506 Μεγαβάτεω,
815 2427 859 2484 καὶ
868 2425 962 2504 Ἀχαι-

156 2512 242 2588 μένης
253 2511 268 2570 ὁ
280 2512 409 2588 Δαρείου
427 2517 477 2586 τῆς
487 2515 537 2587 μέν
546 2511 635 2575 Ἰάδος
645 2539 675 2572 τε
687 2515 732 2571 καὶ
742 2521 868 2592 Καρικῆς
878 2543 962 2592 στρα-

156 2604 218 2676 τιῆς
227 2599 419 2681 Ἀριαβίγνης,
434 2600 449 2659 ό
465 2600 584 2676 Δαρείου
594 2629 625 2660 τε
635 2607 700 2665 παῖς
712 2603 757 2661 καὶ
767 2609 817 2678 τῆς
825 2603 962 2678 Γωβρύεω

157 2688 305 2770 θυγατρός·
341 2689 500 2770 Αἰγυπτίων
530 2689 559 2748 δὲ
592 2691 759 2772 ἐστρατήγεε
785 2690 960 2768 Ἀχαιμένης,

157 2778 267 2853 Ξέρξεω
283 2776 334 2836 ἐῶν
353 2776 399 2836 ἀπ’
414 2776 580 2854 ἀμφοτέρων
596 2777 743 2854 ἀδελφεός·
764 2783 815 2853 τῆς
829 2778 858 2836 δὲ
872 2776 962 2854 ἄλλης
1013 2816 1015 2820 ·

157 2869 294 2943 στρατιῆς
309 2864 497 2946 ἐστρατήγεον
512 2869 537 2924 οἱ
552 2866 610 2926 δύο.
651 2866 839 2943 τριηκόντεροι
859 2865 896 2934 δὲ,
916 2868 962 2925 καὶ

156 2954 378 3031 πέντηκόντεροι,
396 2955 441 3012 καὶ
463 2955 612 3032 κέρκουροι,
636 2955 681 3014 καὶ
703 2954 853 3036 ἱππαγωγά
873 2957 961 3015 πλοῖα

155 3042 252 3120 μακρά
269 3042 443 3102 συνελθόντα
458 3049 484 3106 ἐς
498 3043 547 3102 τόν
561 3042 679 3120 α’ριθμὸν
699 3042 788 3118 ἐφάνη
805 3045 960 3122 τρισχίλια.

155 3135 218 3191 Τῶν
238 3131 268 3190 δέ
289 3131 477 3190 ἐπιπλεόντων
496 3131 568 3206 μετά
585 3157 618 3210 γε
636 3131 700 3192 τούς
713 3131 888 3208 στρατηγοδς
903 3130 959 3192 οἶδε
969 3135 1008 3190 98

155 3218 231 3294 ἦσαν
265 3221 293 3280 οἶ
323 3218 554 3296 ὀνομαστότατοι·
591 3217 720 3281 Σιδόνιος
747 3217 961 3291 Τετράμνηστος

154 3309 287 3436 ’ήγόσρα
308 3307 354 3366 καὶ
370 3306 468 3384 Τύριος
487 3305 593 3379 Μάτην
611 3302 744 3378 Σιρώμου,
767 3304 813 3360 καὶ
830 3301 960 3377 Ἀράδιος

201 3413 241 3431 --
260 3392 274 3438 3
