2276 3554
155 147 265 213 37-40]
477 127 662 198 nomm.
915 151 959 198 ιω

154 234 247 288 λυσαν
267 231 318 305 τῆς
338 229 490 304 στρατηίης
511 228 560 287 τόν
581 227 787 305 πρεσβύτατον,
812 228 856 288 ἶνα
878 227 962 288 αὖτοῦ

154 343 186 376 τε
208 322 273 394 ἐμεῦ
295 317 340 374 καὶ
362 321 416 376 τῶν
437 315 588 396 χρημάτων
609 314 628 394 ᾖ
650 315 816 392 μελεδωνός·
844 316 908 379 τούς
933 317 962 376 δέ

154 407 292 482 τέσσερας
312 405 379 485 ἄγεν
402 403 459 480 ἅμα
480 410 600 483 σεωυτῷ·
624 406 669 462 καὶ
692 404 798 480 πρήξας
819 405 855 464 τιῖ
877 407 961 468 νοέεις

154 493 323 570 νοστήσειας
345 493 461 553 όπίσω.”
504 492 605 570 Κόρτα
621 519 651 552 τε
670 491 798 568 ἐθυμοίθη
813 493 828 551 ό
846 494 957 569 Ξέρξης,
969 501 1005 557 39

156 585 201 642 καὶ
215 583 350 658 ἀμείβετο
366 582 471 642 τοῖσδε·
495 581 542 639 “ὦ
557 585 623 640 κακὲ
637 580 771 658 ἄνθρωπε,
787 581 824 640 σύ
844 581 959 657 ἐτόλμη-

154 697 217 740 σας,
232 675 298 747 ἐμεῦ
313 673 535 748 στρατευομένου
550 669 634 730 αὐτοῦ
651 670 696 728 ἐπὶ
712 669 763 744 τήν
774 669 899 728 Ἑλλάδα
914 671 960 729 καὶ

153 758 272 840 ἄγοντος
286 760 386 822 παῖδας
400 759 483 835 ἐμοιῖς
494 760 539 817 καὶ
554 757 708 834 ἅδελφεοιῖς
721 758 766 815 καὶ
782 759 900 832 οἰκηίους
913 759 960 817 καὶ

153 848 265 922 φίλους,
280 847 446 924 μνήσασθαι
467 848 530 924 περὶ
547 847 598 906 σέο
612 845 719 908 παιδός·
743 845 794 904 ἐοῖν
816 845 881 922 ἐμός
899 847 959 905 δοῦ·

153 940 212 1006 λος,
229 936 279 995 τόν
301 941 373 1015 χρῆν
395 937 523 1014 πανοικίῃ
549 935 618 1012 αὐτῇ
639 935 748 1015 γυναικὶ
768 935 956 1004 συνέπεσθαι;

154 1023 184 1082 εὖ
198 1029 246 1084 νῦν
260 1024 316 1084 τόδ’
331 1025 509 1094 ἐξεπίστασο,
525 1024 560 1087 οῖς
573 1030 601 1083 ἐν
614 1028 691 1083 τοῖσι
706 1021 758 1081 οῖσῖ
779 1027 833 1082 τοῖν
856 1021 958 1100 οἷνθροί·
1012 1071 1016 1077 .

152 1135 213 1171 πων
227 1114 309 1171 οἰκέει
323 1113 339 1172 ὅ
355 1113 449 1190 θυμός·
472 1111 502 1174 ὃς
514 1112 627 1191 χρησταὶ
645 1114 697 1188 μὲν
711 1110 833 1173 α’κοόσας
847 1111 959 1188 τέρψιος

153 1203 303 1277 ἐμπιπλέει
318 1201 351 1261 τό
373 1205 464 1278 σῶμα,
479 1201 627 1260 όπεναντία
649 1201 678 1258 δέ
695 1199 820 1258 τούτοισι
836 1198 958 1264 οἷκοόσας

152 1287 279 1348 α’νοιδέει·
302 1289 349 1350 ὅτε
365 1290 418 1367 μέν
439 1316 487 1349 νυν
507 1290 619 1368 χρηστὰ
633 1288 754 1364 ποιήσας
772 1289 851 1365 ἔτερα
867 1295 958 1348 τοιαῦ-

151 1403 188 1435 τα
210 1381 395 1459 ἐπηγγέλλεο,
411 1377 587 1458 εὐεργεσίῃσι
600 1378 727 1453 βασιλέα
750 1375 781 1436 οὗ
803 1377 957 1456 καυχήσεαι

150 1464 378 1542 ιῖπερβαλέσθαι·
401 1467 462 1524 ἐπεί
473 1493 504 1524 τε
518 1467 547 1524 δὲ
565 1472 591 1528 ἐς
607 1466 640 1525 τό
661 1465 857 1542 ἀναιδέστερον
880 1467 956 1544 ἐτρό-

151 1579 214 1622 πευ,
225 1554 275 1629 τήν
288 1557 340 1631 μὲν
351 1554 430 1630 ἀξίην
445 1553 476 1613 οιῖ
489 1555 623 1633 λάμψεαι,
636 1554 751 1613 ἐλόσσω
766 1555 795 1612 δέ
808 1559 857 1630 τῆς
870 1555 956 1631 α’ξίης

151 1645 187 1701 σέ
200 1645 253 1719 μέν
266 1643 321 1724 γὰρ
335 1643 381 1700 καὶ
393 1643 458 1706 τοδς
470 1643 608 1719 τέσσερας
621 1648 675 1702 τοῖν
689 1644 793 1702 παίδων
806 1643 901 1719 ῥύεται
921 1645 955 1702 τό

152 1731 248 1799 ξείνια·
270 1736 320 1791 τοῦ
333 1731 363 1790 δέ
377 1731 443 1801 ένδς,
458 1735 508 1790 τοῦ
521 1733 661 1811 περιέχεαι
675 1732 810 1808 μάλιστα,
826 1737 861 1809 τῇ
878 1737 955 1810 ψυχῇ

152 1819 332 1895 ζημιωσεαι.”
375 1819 410 1882 οῖς
430 1819 564 1879 δὲταῦτα
585 1820 757 1897 ὑπεκρίνατο,
781 1819 877 1879 αὐτίκα
900 1821 955 1878 ἐκέῖ

151 1912 217 1965 λευε
236 1913 312 1967 τοῖσι
331 1910 537 1986 προσετέτακτο
555 1915 642 1980 ταῦτα
663 1908 811 1985 πρήσσειν,
830 1913 884 1967 τοῖν
898 1914 955 1966 Πυ-

152 1995 215 2054 θίου
229 1998 334 2058 παίδων
349 1997 507 2073 ἐξευρόντας
523 1997 572 2056 τδν
586 1997 783 2075 πρεσβύτατον
796 1998 885 2074 μέσον
899 1997 954 2054 δια-

150 2089 260 2160 ταμεῖν·
283 2085 466 2162 διαταμόντας
479 2086 509 2144 δέ
521 2085 556 2145 τό
570 2087 695 2163 ἡμίτομα
709 2087 850 2154 διαθεῖναι,
858 2083 891 2144 τδ
904 2088 956 2161 μέν

151 2174 198 2230 ἐπὶ
220 2173 296 2242 δεξιιῖ
319 2178 368 2249 τῆς
388 2173 453 2232 όδοῦ
470 2173 503 2232 τδ
525 2174 555 2232 δέ
576 2174 617 2233 ἐπ’
637 2173 780 2252 ἀριστερά·
803 2173 848 2232 καὶ
869 2174 955 2253 ταύτῃ

151 2261 280 2330 διεξιέναι
301 2263 350 2322 τόν
371 2260 502 2339 στρατόν.

194 2351 380 2425 Ποιησάντων
394 2351 423 2409 δὲ
436 2349 540 2410 τούτων
552 2353 644 2420 τοῦτο,
658 2350 729 2427 μετὰ
746 2354 832 2410 ταῦτα
854 2351 953 2428 διεξήῖε
964 2356 1003 2412 40

150 2436 168 2496 ό
191 2439 321 2514 στρατός·
346 2440 463 2521 ἡγέοντο
486 2439 515 2497 δέ
536 2442 641 2515 πρῶτοι
663 2441 714 2514 μέν
736 2441 762 2498 οῖ
785 2441 954 2517 σκευοφόροι

149 2551 182 2585 τε
196 2527 243 2584 καὶ
256 2527 292 2584 τό
305 2526 450 2608 ὑποζύγια·
471 2526 542 2603 μετα
564 2527 593 2584 δέ
613 2526 727 2589 τούτους
748 2528 869 2604 στρατός
886 2556 954 2588 παν·

148 2616 234 2674 ποίεον
247 2617 345 2675 ἐθνέων
359 2615 468 2692 ἀναμὶξ,
483 2613 515 2673 οὔ
530 2615 738 2693 διακεκριμένοι·
760 2619 795 2692 τῇ
809 2617 838 2674 δὲ
856 2616 954 2692 ὑπερη-

148 2704 247 2779 μίσεες
265 2703 348 2779 ἦσαν,
364 2705 482 2763 ἐνθαῦτα
503 2703 686 2762 διελέλειπτο·
709 2704 754 2762 καὶ
771 2703 803 2762 οὐ
820 2704 950 2778 συνέμισ-

147 2815 202 2873 γον
229 2790 305 2851 οὗτοι
329 2793 457 2869 βασιλέϊ.
499 2795 671 2872 προηγεῦντο
698 2795 749 2870 μὲν
776 2791 810 2867 δή
839 2791 953 2850 ἱππόται

145 2881 240 2959 χίλιοι
257 2885 287 2938 ἐκ
306 2881 439 2958 Περσέων
453 2879 563 2940 πάντων
576 2878 807 2961 ἀπολελεγμένοι·
829 2879 900 2957 μετιῖ
914 2879 951 2952 δέ,

147 2968 325 3046 αἰχμοφόροι
340 2969 437 3048 χίλιοι,
453 2969 498 3028 καὶ
520 2967 595 3028 οὗτοι
617 2973 646 3027 ἐκ
668 2969 777 3028 πάντων
799 2967 952 3049 ιῖπολελεγ·

144 3057 238 3133 μένοι,
252 3056 302 3120 τὰς
314 3057 423 3138 λόγχας
437 3057 510 3116 κάτω
524 3062 551 3119 ἐς
564 3055 616 3132 τήν
629 3063 683 3136 γῆν
701 3058 860 3133 τρέψαντες·
882 3056 954 3130 μετὰ

144 3145 187 3214 δέ,
203 3145 259 3222 ἱροὶ
273 3149 390 3204 Νισαῖοι
405 3145 568 3221 καλεόμενοι
591 3146 678 3216 ἵπποι,
690 3144 763 3209 δέκα,
779 3143 952 3217 κεκοσμημέ-

144 3260 192 3294 νοι
209 3233 245 3296 ὦς
262 3229 414 3294 καλλιστα.
457 3237 575 3292 Νισαῖοι
593 3231 622 3288 δέ
639 3231 784 3287 καλέονται
807 3229 887 3285 ἵπποι
908 3229 953 3284 ἐπὶ

141 3322 239 3381 τοῦδε·
269 3323 328 3380 ἔστι
350 3321 445 3380 πεδίον
467 3321 540 3398 μέγα
564 3322 614 3390 τῆς
637 3315 764 3389 Μηδικῆς
788 3318 826 3390 τῷ
847 3311 951 3387 οὕνομό
