2282 3550
163 168 272 236 ιιι-ιι]
483 171 635 220 omma.
915 169 962 218 ιιι

164 249 278 328 ἔχοντας
302 253 331 309 ἐν
355 253 480 329 φυλακῇ,
500 251 536 310 τά
563 247 592 310 δέ
616 250 693 310 ἄλλα
716 249 836 311 άπιένιιι·
877 253 965 310 ταῦτα

163 337 374 414 πυνθανόμενοι,
389 337 460 396 οὕτω
476 338 510 414 δή
528 339 760 416 προσεδεήθησάν
773 346 870 415 σφεων
884 341 966 417 σχεῖν

164 424 234 500 πρός
246 425 299 500 τήν
313 427 470 502 Σαλαμῖνα.
511 431 549 485 Οἱ
563 430 615 503 μὲν
629 427 663 503 δή
679 425 765 487 ἄλλοι
782 427 921 506 κατέσχον
938 430 965 489 ἐς
974 427 1010 486 41

164 512 216 586 τήν
229 515 385 590 Σαλαμῖνα,
399 513 544 589 Ἀθηναῖοι
560 515 589 574 δὲ
606 520 634 577 ἐς
649 515 701 590 τήν
717 518 831 574 ἑωυτῶν·
852 513 924 592 μετά
936 513 967 572 δέ

164 601 217 675 τήν
236 599 331 671 άπιξιν
351 600 479 682 κήρυγμα
500 601 677 678 ἐποιήσαντο,
697 603 851 679 Ἀθηναίων
870 605 906 681 τῇ
925 627 968 665 τις

166 687 278 748 δύναται
291 689 390 761 σόζειν
399 689 434 748 τά
444 691 525 749 τέκνα
538 717 568 749 τε
582 692 628 750 καὶ
637 692 702 754 τούς
712 693 827 754 οἰκέτας·
849 691 967 750 ἐνθαῐπα

166 779 193 836 οἱ
212 779 263 853 μέν
283 781 416 836 πλεῖστοι
437 783 463 840 ἐς
483 780 620 855 Τροιζῆνα
641 777 819 850 ἀπέστειλαν,
843 781 870 837 οἱ
890 777 919 836 δέ
940 783 967 841 ἐς

168 864 290 944 Αἴγιναν,
312 868 339 924 οἱ
366 865 395 925 δὲ
421 870 448 928 ἐς
469 868 626 942 Σαλαμῖνα.
669 868 810 927 ἔσπευσαν
831 866 968 926 δὲταῦτα

166 950 345 1022 άπεκθέσθαι,
360 957 397 1032 τῷ
409 955 569 1032 χρηστηρίῳ
583 981 613 1013 τε
623 954 795 1031 βουλόμενοι
809 953 968 1030 ὑπηρετέειν

167 1041 212 1098 καὶ
236 1040 270 1116 δή
296 1041 342 1100 καὶ
363 1042 444 1101 τοῦδε
467 1042 556 1101 εἵνεκα
577 1041 626 1101 οὐκ
649 1042 761 1118 ἥκιστα·
802 1044 920 1124 λέγουσι
941 1045 968 1102 οἶ

166 1129 317 1204 Ἀθηναῖοι,
336 1128 403 1204 ὅφιν
424 1130 513 1211 μέγαν
534 1131 649 1206 φύλακα
668 1135 719 1206 τῆς
739 1129 907 1209 ἀκροπόλιος
927 1135 967 1189 ἐν·

166 1215 335 1277 διαιτέεσθαι
353 1223 382 1277 ἐν
396 1223 434 1297 τῷ
451 1222 507 1296 ἱρῷ·
528 1220 649 1300 λέγουσί
663 1245 695 1279 τε
709 1223 797 1280 ταῦτα
811 1220 857 1278 καὶ
872 1218 906 1294 δή
921 1219 967 1278 καὶ

167 1303 202 1366 ὦς
225 1305 298 1364 ἐόντι
321 1306 451 1382 ἐπιμήνια
472 1308 648 1366 ἐπιτελέουσι
669 1308 853 1384 προτιθέντες·
887 1307 923 1366 τά
944 1307 968 1367 δ’

167 1393 298 1470 ἐπιμήνια
318 1394 494 1471 μελιτόεσσα
516 1401 586 1454 ἐστι·
611 1395 680 1470 αὕτη
701 1395 724 1455 δ’
746 1395 765 1472 ή
784 1396 967 1474 μελιτόεσσα,

167 1486 196 1540 ἐν
215 1485 254 1560 τῷ
273 1482 399 1560 πρόσθεν
420 1484 473 1542 αἰεὶ
493 1483 585 1562 χρόνῳ
606 1483 833 1562 άναισιμουμίνη,
850 1485 913 1545 τότε
933 1484 968 1560 ἦν

167 1567 321 1647 ἄψαυστος·
342 1572 510 1650 σημηνάσης
525 1573 555 1631 δὲ
573 1577 661 1632 ταῦτα
678 1577 728 1649 ιής
748 1574 839 1650 ἱρείης,
855 1573 969 1651 μᾶλλόν

166 1682 194 1716 τι
220 1661 247 1717 οἱ
273 1657 417 1735 Ἀθηναῖοι
443 1661 489 1718 καὶ
520 1660 728 1738 προθυμότερον
761 1663 888 1732 ἐξέλιπον
917 1660 969 1736 τήν

166 1745 259 1816 πόλιν,
284 1747 319 1810 ok
343 1749 389 1807 καὶ
410 1752 461 1824 τῆς
485 1749 549 1809 θεοῦ
572 1747 791 1826 ἀπολελοιπυίης
813 1750 865 1825 τήν
887 1748 968 1826 άκρό-

166 1838 260 1894 πολιν·
281 1835 316 1898 ὦς
337 1836 368 1895 δέ
388 1843 445 1912 σφι
465 1836 557 1897 πάντα
576 1837 741 1911 ὑπεξέκειτο,
760 1839 867 1898 ἔπλωον
889 1841 916 1900 ἐς
935 1835 969 1896 τά

166 1923 366 1999 στρατόπεδον.

199 2009 278 2070 Ἐπεὶ
292 2013 321 2071 δέ
335 2015 361 2072 οἱ
374 2010 421 2073 ἅττ’
434 2012 615 2092 ’Λρτεμισίου
629 2019 656 2078 ἐς
670 2016 818 2092 Σαλαμῖνα
830 2013 968 2092 κατέσχον
976 2015 1015 2073 42

165 2099 216 2162 τὰς
233 2101 304 2169 νέας,
318 2101 447 2179 συνέρρεε
462 2103 507 2160 καὶ
521 2102 647 2164 άλοιπὸς
665 2101 871 2178 πυνθανόμενος
884 2101 900 2160 ὁ
913 2106 968 2162 τῶν

165 2185 311 2264 Ἑλλήνων
331 2190 457 2252 ναυτικάς
478 2191 599 2265 στρατός
621 2195 651 2246 ἐκ
676 2192 832 2266 Τροιζῆνος·
863 2195 890 2253 ἐς
912 2189 967 2272 γάρ

133 2341 138 2353 ι
167 2275 294 2357 Πώγωνα
303 2276 352 2336 τόν
361 2279 526 2353 Τροιζηνίων
536 2280 636 2353 λιμένα
650 2280 798 2356 προείρητο
810 2280 966 2360 συλλέγεσ-

167 2363 222 2422 θαι·
244 2365 458 2444 συνελέχθησάν
475 2391 506 2425 τε
525 2366 559 2442 δή
573 2371 673 2446 πολλῷ
687 2371 802 2430 πλεῦνες
824 2370 881 2430 νέες
893 2366 911 2443 ἢ
925 2366 967 2426 ἐπ’

166 2449 333 2532 Ἀρτεμισίῳ
355 2453 534 2532 ἐναυμάχεον,
559 2456 605 2514 καὶ
628 2454 683 2514 άπά
706 2456 812 2515 πολίων
833 2455 964 2515 πλεόνων.

168 2539 304 2620 ναύαρχος
321 2541 373 2617 μέν
386 2567 434 2602 νυν
448 2547 517 2618 ἐπῆν
531 2541 616 2605 οἶυτός
630 2542 719 2620 ὅσπερ
734 2542 776 2602 ἐπ’
790 2543 965 2621 Ἀρτεμισίῳ,

167 2626 343 2705 Εὐρυβιάδης
366 2629 382 2689 ό
405 2629 603 2707 Εὐρυκλείδεω,
630 2631 699 2708 άνήρ
728 2631 905 2708 Σπαρτιήτης
933 2630 965 2689 οὐ

165 2716 260 2791 μέντοι
273 2716 367 2798 γένεός
380 2743 413 2798 γε
426 2721 476 2777 τοῦ
494 2718 650 2795 βασιληίου
670 2719 728 2778 ἐόν·
750 2721 813 2783 νέας
826 2719 855 2778 δέ
869 2724 967 2798 πολλῷ

166 2807 304 2868 πλείστας
315 2831 347 2865 τε
360 2808 406 2889 καὶ
419 2804 522 2883 άριστα
539 2808 690 2871 πλωοόσας
703 2811 870 2887 παρείχοντο
883 2808 965 2884 Ἀθη-

167 2895 247 2952 ναῖοι.
276 2892 496 2970 Ἐστρατεόοντο
510 2895 539 2953 δέ
554 2896 619 2954 οἶδε·
635 2901 663 2954 ἐκ
673 2899 725 2972 μέν
736 2895 965 2971 Πελοποννήσου,
975 2899 1013 2955 43

166 2981 380 3058 Λακεδαιμόνιοι
388 2983 530 3042 ἑκκαίδεκα
538 2987 605 3059 νῆας
615 2984 809 3062 παρεχόμενοι·
821 2984 966 3060 Κορίνθιοι

183 3069 196 3126 ἐ
212 3068 247 3129 τό
266 3068 334 3129 οὖτά
348 3071 487 3148 πλήρωμα
506 3072 692 3149 παρεχόμενοι
705 3072 738 3130 τά
758 3073 804 3128 καὶ
818 3071 859 3129 ἐπ’
872 3071 966 3144 Ἀρτε-

165 3156 261 3235 μισίῳ·
283 3157 425 3220 Σικυώνιοι
444 3159 473 3216 δέ
492 3159 686 3217 πεντεκαίδεκα
704 3158 870 3233 παρείχοντο
889 3159 965 3228 νῆας·

164 3242 339 3322 Ἐπιδαύριοι
353 3245 381 3304 δέ
395 3246 470 3304 δέκα·
490 3244 646 3321 Τροιζήνιοι
659 3244 688 3301 δὲ
702 3244 792 3299 πέντε·
808 3240 966 3314 Ἑρμιονέες

165 3331 195 3390 δὲ
207 3335 291 3408 τρεῖς·
312 3333 401 3394 ἐόντες
414 3330 500 3398 οὗτοι,
514 3330 591 3403 πλὴν
608 3329 782 3402 Ἑρμιονέων,
797 3323 921 3394 Δωρικόν
934 3346 965 3379 7(
