2282 3550
199 137 246 186 ιοο
503 138 685 187 Ἤνοιουου
914 137 994 201 [vn.

195 217 301 291 φθῆναι
313 218 363 290 τῆς
372 217 532 294 ναυμαχίης.
562 214 639 277 οὗτοι
651 219 703 294 μὲν
716 217 787 277 οὕτω
797 217 996 294 διεκρούσαντο

192 302 418 378 τούςἝλληνας.

147 393 202 450 169
254 395 363 467 Κρῆτες
390 391 427 461 δὲ,
457 394 519 451 ε’πεί
543 393 575 452 τέ
600 400 692 468 σφεας
718 393 941 470 παρελάμβανον
967 398 995 460 οἶ

192 481 237 538 ε’πῖ
251 479 376 539 τούτοισι
395 481 547 558 ταχθέντας
559 481 711 555 Ἑλλήνων,
726 483 862 557 ἐποίησαν
875 483 994 544 τοιάνδε·

192 569 351 644 πέμψαντες
371 572 449 646 κοινῇ
471 568 644 645 θεοπρόπους
665 574 692 632 ἐς
708 569 841 644 Δελφούς
858 570 907 630 τόν
928 571 995 632 θεδν

192 655 352 731 ἐπειρώτων,
374 656 400 714 εἴ
419 663 475 732 σφι
501 655 613 732 ἄμεινον
638 658 744 738 γίνεται
763 658 931 734 τιμωρέουσι
956 660 994 739 τῇ

190 742 325 814 Ἐλλάδα
353 744 420 820 ἡδέ
437 745 529 820 Πυθίη
547 744 721 822 ύπεκρίνατο·
749 744 796 804 “ώ
813 745 914 820 νήπιοι,
935 752 993 808 ε’πι·

190 832 339 907 μέμφεσθε
360 831 417 892 ὅσα
438 831 503 908 ύμῖν
522 837 551 892 ἔκ
570 837 624 893 τῶν
642 835 773 912 Μενέλεῳ
791 835 994 912 τιμωρημάτων

190 920 284 982 Μίνως
306 921 412 998 έπεμψε
434 920 538 997 μηνίων
564 920 732 997 δακρύματα,
757 920 800 982 ύτι
827 924 854 980 οἱ
879 923 931 997 μὲν
959 917 994 984 ού

189 1008 427 1085 συνεξεπρήξαντο
441 1008 514 1087 αύτῷ
531 1007 580 1068 τόν
601 1013 630 1067 ἔν
649 1009 766 1088 Καμίκῳ
780 1008 899 1070 θάνατον
913 1011 992 1091 γενό-

187 1119 280 1170 μενον,
290 1095 368 1172 ύμεῖς
379 1097 408 1154 δὲ
419 1098 535 1155 κείνοισι
547 1097 599 1172 τήν
613 1101 643 1155 ἐκ
654 1095 785 1173 Σπάρτης
795 1096 993 1176 άρπαχθεῖσαν

189 1183 235 1242 ὑπ’
253 1183 352 1261 α’νδρός
372 1183 524 1261 βαρβάρου
544 1182 685 1264 γυναῖκα.”
727 1189 814 1244 ταῦτα
833 1188 860 1245 οἳ
881 1189 993 1261 Κρῆτες

188 1271 223 1334 ώς
249 1269 446 1351 ἀπενειχθέντα
472 1271 604 1348 ἥκουσαν,
628 1273 746 1352 ἔσχοντο
772 1276 823 1348 τῆς
848 1275 991 1350 τιμωρίης.

142 1360 198 1418 170
207 1360 327 1440 Λέγεται
347 1360 402 1440 γὰρ
422 1361 519 1420 Μίνων
539 1360 610 1420 κατὰ
630 1361 747 1436 ζήτησιν
765 1360 908 1420 Δαιδάλου
925 1361 991 1423 άπι-

186 1446 303 1523 κόμενον
324 1453 352 1510 ἐς
373 1450 503 1524 Σικανίην
520 1448 572 1525 τήν
589 1452 637 1510 νῦν
658 1449 788 1525 Σικελίην
807 1451 988 1526 καλευμένην,

185 1533 336 1596 α’ποθανεῖν
357 1536 441 1615 βιαίῳ
463 1536 582 1616 θανάτῳ·
612 1535 666 1596 α’νά
687 1537 717 1596 δὲ
738 1536 841 1616 χρόνον
865 1543 989 1614 Κρῆτας,

185 1623 250 1682 θεοῦ
270 1630 329 1700 σφι
351 1625 558 1700 ἐποτρύναντος,
576 1624 682 1688 πάντας
698 1625 775 1701 πλην
796 1627 990 1704 Πολιχνιτέων

183 1736 215 1771 τε
242 1711 287 1771 καὶ
313 1712 460 1790 Πραισίων
487 1711 669 1790 ἀπικομένους
699 1712 794 1791 στόλῳ
818 1714 932 1794 μεγάλῳ
959 1721 989 1780 ἐς

185 1801 323 1878 Σικανίην,
338 1802 511 1878 πολιορκέειν
525 1800 567 1860 ἐπ’
582 1802 643 1860 ἔτεα
653 1801 735 1861 πέντε
748 1800 833 1861 πόλιν
849 1803 987 1878 Κάμικον·

182 1888 234 1964 τήν
255 1889 313 1949 κατ’
330 1892 378 1966 ἐμὲ
396 1889 607 1968 Ἀκραγαντῖνοι
624 1889 763 1966 ἐνέμοντο·
790 1890 872 1952 τέλος
892 1889 929 1963 δὲ,
952 1890 987 1952 ού

183 1976 348 2054 δυναμένους
365 1976 428 2036 οὔτε
447 1982 527 2050 ἑλεῖν,
543 1976 605 2038 olm
618 1977 787 2054 παραμένειν
798 1981 873 2056 λιμῷ
885 2004 986 2039 συνεσ-

182 2069 291 2135 τεῶτας,
306 2065 496 2128 ἀπολιπόντας
510 2065 647 2144 οἴχεσθαι·
663 2064 699 2128 ώς
711 2065 741 2124 δὲ
758 2065 828 2124 κατά
841 2063 986 2148 Ἰηπυγίην

181 2155 312 2234 γενέσθαι
342 2153 495 2224 πλώοντας,
524 2151 710 2229 ύπολαβύντα
739 2153 832 2229 σφέας
860 2159 985 2232 χειμῶνα

180 2242 269 2321 μέγαν
286 2242 432 2316 ἐκβαλέειν
450 2248 477 2304 ἐς
493 2241 544 2318 τήν
559 2245 622 2322 γῆν·
644 2241 873 2320 συναραχθέντων
887 2242 916 2302 δὲ
929 2248 985 2304 τῶν

180 2329 294 2398 πλοίων,
322 2327 451 2405 ούδεμίαν
471 2330 525 2410 γάρ
547 2337 602 2406 σφι
623 2330 663 2388 ἔτι
684 2329 800 2406 κομιδήν
821 2335 848 2393 ἒς
869 2330 985 2408 Κρήτην

181 2417 340 2492 φαίνεσθαι,
362 2417 479 2477 ε’νθαῦτα
498 2417 595 2495 Ὑρίην
617 2417 702 2478 πόλιν
724 2419 872 2481 κτίσαντας
900 2445 982 2479 κατα-

179 2505 274 2582 μεῖναί
283 2530 315 2563 τε
328 2505 374 2563 καὶ
386 2505 601 2582 μεταβαλόντας
614 2505 676 2566 α’ντὶ
688 2509 740 2583 μὲν
755 2510 872 2583 Κρητῶν
885 2508 983 2586 γενέσ-

180 2594 227 2653 θαι
246 2591 377 2674 Ἰήπυγας
398 2595 591 2665 Μεσσαπίους,
612 2592 675 2654 α’ντὶ
695 2595 725 2653 δὲ
745 2595 814 2654 εἶναι
837 2595 982 2670 νησιώτας,

178 2680 341 2757 ἠπειρώτας·
363 2681 418 2741 α’πιὶ
433 2683 462 2741 δὲ
475 2682 569 2758 Ὑρίης
581 2681 682 2745 πόλιος
694 2682 743 2744 τὰς
761 2681 852 2743 ἄλλος
866 2683 981 2742 οἰκίσαι·

178 2769 228 2833 τάς
248 2768 282 2845 δή
302 2775 465 2846 Ταραντῖνοι
485 2770 575 2850 χρόνῳ
602 2769 720 2847 ὕστερον
747 2774 846 2848 πολλιξ
873 2771 982 2839 ἐξανισ-

178 2856 274 2920 τάντες
299 2860 513 2935 προσέπταισαν
538 2857 676 2940 μεγάλως·
709 2857 781 2917 ὥστε
805 2857 892 2934 φόνος
915 2857 982 2918 Ἐλ-

178 2944 291 3020 ληνικός
300 2946 434 3026 μέγιστος
447 2942 527 3008 οὗτος
541 2946 574 3004 δύ
589 2948 697 3027 ἐγένετο
710 2946 820 3006 πάντων
833 2951 888 3034 τῶν
901 2947 981 3024 ἡμεῖς

178 3033 264 3108 ἴδμεν,
286 3033 374 3093 αύτῶν
398 3059 428 3094 τε
451 3029 625 3110 Ταραντίνων
650 3036 695 3093 καὶ
715 3035 856 3115 Ῥηγίνων,
879 3035 905 3094 οἳ
925 3035 981 3096 ύπδ

178 3119 306 3178 Μικύθου
323 3125 372 3180 τοῦ
390 3123 495 3198 Χοίρου
513 3120 732 3202 ἀναγκαζόμενοι
749 3128 804 3183 τῶν
823 3123 917 3182 α’στῶν
933 3124 980 3184 καὶ
1024 3181 1026 3184 .

176 3207 339 3283 ἀπικόμενοι
364 3209 479 3286 τιμωροὶ
504 3211 708 3287 Ταραντίνοισι,
735 3209 875 3272 άπέθανον
901 3238 981 3290 τρισ-

177 3295 265 3372 χίλιοι
276 3294 354 3354 ούτω·
369 3300 459 3358 αὐτῶν
472 3297 501 3356 δὲ
514 3300 687 3374 Ταραντίνων
697 3296 746 3360 ούκ
757 3298 841 3376 ἐπέην
851 3298 979 3378 ἀριθμός·
