2258 3568
164 171 276 236 95-98]
470 173 673 223 ταινυιοιιι.
935 171 966 224 ιι

163 251 236 328 αὕτη
247 251 303 333 γάρ
316 249 335 328 ἡ
348 251 431 316 πόλις
443 257 498 312 τῶν
511 253 632 331 λοιπέων
651 251 813 312 ἐδυνάστευε
833 249 965 332 μέγιστα·

163 339 292 400 ε’πελθῶν
313 339 343 400 δὲ
364 341 409 399 ε’πὶ
432 340 481 401 τόν
504 340 593 416 δῆμον
613 339 629 401 ό
648 339 860 422 Ἀρισταγόρης,
878 335 967 398 ταύτά

163 429 245 510 ἔλεγε
262 427 298 488 τά
316 429 362 488 καὶ
381 433 410 488 ἓν
425 432 461 508 τῇ
479 428 604 508 Σπάρτη,
618 429 683 506 περὶ
703 431 759 488 τῶν
779 427 890 508 ἀγαθῶν
909 429 965 488 τῶν

162 520 193 576 ε’ν
216 521 253 596 τῇ
276 515 369 596 Ἀσίη,
394 516 440 576 καὶ
462 521 513 576 τοῦ
535 517 663 593 πολέμου
682 519 733 576 τοῦ
755 519 907 593 Περσικοῦ,
929 513 966 580 ῶς
1004 593 1005 602 γ

162 604 228 663 οὕτε
250 604 356 664 ἀσπίδα
378 605 441 665 οὔτε
460 604 526 683 δόρυ
545 606 699 682 νομίζουσι,
714 603 837 668 εὐπετέες
853 630 884 664 τε
903 629 961 684 χει·

161 693 286 768 ρωθῆναι
301 694 409 770 εἴησαν.
449 697 538 752 ταῦτα
551 719 582 752 τε
595 692 629 768 δὴ
644 695 730 774 ἔλεγε,
746 693 791 751 καὶ
804 691 874 770 πρός
886 695 965 753 τοῖσι

160 779 237 851 τάδε,
252 781 288 844 ῶς
309 785 336 840 οἶ
355 779 497 857 Μιλήσιοι
516 785 571 841 τῶν
591 779 745 857 Ἀθηναίων
767 781 821 840 είσὶ
842 779 963 850 ἄποικοι,

161 869 209 926 καὶ
230 869 305 933 οἶκός
320 875 413 946 σφεας
431 870 473 946 εἴη
493 868 610 947 ῥύεσθαι
629 869 793 945 δυναμένους
811 869 894 950 μέγα·
916 868 963 928 καὶ

160 955 241 1016 οὐδὲν
259 956 276 1018 ὅ
292 983 320 1017 τι
341 956 390 1018 οὐκ
410 957 555 1036 ῶπίσχετο,
570 957 616 1016 οἶα
637 956 725 1035 κάρτα
742 956 879 1033 δεόμενος·
901 961 928 1020 ές
946 954 963 1016 ὃ

159 1042 294 1104 ἀνέπεισέ
304 1053 405 1122 σφεας.
440 1046 566 1109 πολλοῦς
578 1046 633 1127 γάρ
648 1044 706 1104 οἶκε
720 1045 789 1104 εἶναι
803 1044 962 1104 εὐπετέστε-

158 1157 211 1208 ρον
230 1133 399 1210 διαβάλλειν
418 1131 437 1210 ἢ
456 1135 511 1204 ἕνα,
527 1138 550 1193 εί
564 1135 727 1210 Κλεομένεα
746 1135 797 1210 μὲν
810 1130 860 1192 τόν
872 1139 960 1192 Λακε-

160 1219 304 1298 δαιμόνιον
324 1227 428 1300 μοῦνον
449 1221 498 1282 οὔκ
522 1221 580 1286 οἶός
599 1248 631 1282 τε
653 1223 761 1302 ἐγένετο
784 1219 960 1296 διαβάλλειν,

158 1313 235 1384 τρεῖς
252 1311 282 1370 δὲ
298 1309 432 1387 μυριάδας
449 1309 601 1386 Ἀθηναίων
616 1311 732 1386 ε’ποίησε
744 1312 837 1368 τοῦτο.
878 1308 960 1386 Ἀθη-

159 1401 234 1457 ναῖοι
247 1400 298 1475 μὲν
311 1399 345 1474 δὴ
359 1397 580 1470 ἀναπεισθέντες,
597 1400 775 1478 ἐψηφίσαντο
795 1398 883 1457 εἴκοσι
898 1399 961 1463 νέας

159 1483 330 1546 άποστεῖλαι
349 1486 474 1562 βοηθαύς
486 1487 575 1558 Ἰωσι,
595 1486 754 1568 στρατηγόν
775 1485 959 1556 ἀποδέξαντες

159 1572 251 1633 αὐτῶν
264 1575 333 1634 εἶναι
347 1575 518 1644 Μελάνθιον,
531 1575 618 1653 ἄνδρα
632 1580 687 1635 τῶν
706 1574 808 1645 άστῶν,
823 1575 904 1635 ε’όντα
923 1576 959 1636 τά

159 1660 252 1722 πάντα
272 1662 395 1739 δόκιμον.
436 1661 517 1723 αὗται
536 1664 565 1722 δὲ
584 1667 613 1723 αἱ
628 1665 685 1727 νέες
703 1662 777 1742 ἀρχῆ
795 1667 886 1723 κακῶν
902 1665 958 1746 ε’γέ·

159 1775 243 1808 νοντο
257 1749 387 1826 Ἕλλησί
404 1777 435 1810 τε
455 1752 501 1810 καὶ
522 1753 710 1830 Βαρβάροισι.

201 1835 405 1920 Ἀρισταγόρης
425 1840 454 1899 δὲ
476 1840 658 1916 προπλώσας,
681 1841 726 1900 καὶ
747 1839 913 1917 ἀπικόμενος
932 1845 1005 1904 ε’ς98

159 1924 212 2000 την
232 1927 370 2003 Μίλητον,
389 1927 505 2004 ε’ξευρῶν
523 1929 671 2006 βούλευμα
690 1927 736 1987 ἀπ’
756 1925 788 1986 οὗ
805 1927 886 1988 Ἴωσι
906 1930 958 2006 μέν

160 2012 276 2090 οίδεμία
288 2015 391 2092 ἔμελλε
406 2015 513 2092 ὠφελίη
528 2016 750 2086 ἔσεσθαι-οὐδ’
766 2016 802 2078 ῶν
816 2015 879 2076 οὐδὲ
895 2017 957 2077 τού-

159 2127 210 2160 του
232 2103 321 2163 εἶνεκα
343 2105 441 2174 ε’ποίεε,
460 2103 525 2163 ἀλλ’
539 2104 608 2167 ὅκως
626 2106 753 2180 βασιλέα
772 2109 893 2182 Δαρεῖον
910 2109 958 2165 λυ-

159 2190 418 2270 πόσεις-έπεμψε
442 2197 469 2255 ές
495 2192 545 2268 τήν
569 2193 693 2274 Φρυγίην
714 2191 800 2270 ἄνδρα
822 2195 867 2253 ε’πὶ
894 2195 958 2258 τούς

160 2281 292 2350 Παίονας,
305 2279 370 2343 τούς
382 2279 439 2340 άπδ
449 2280 608 2358 Στρυμόνος
620 2285 748 2357 ποταμοῦ
762 2282 958 2360 αἰχμαλώτους

158 2368 324 2448 γενομένους
342 2367 396 2428 thro*
415 2368 597 2449 Μεγαβάζου,
617 2370 756 2433 οἰκέοντας
774 2370 803 2430 δὲ
821 2375 871 2447 τῆς
887 2380 958 2448 Φρυ-

161 2456 222 2536 γίης
241 2455 334 2535 χῶρόν
353 2482 384 2516 τε
406 2457 452 2515 καὶ
474 2457 568 2534 κείμην
589 2457 631 2518 ἐπ’
654 2462 767 2518 ἑωυτῶν·
795 2459 826 2522 ῶς
848 2461 910 2519 ε’πεί
926 2487 957 2520 τε

157 2543 275 2604 α’πίκετο
293 2549 321 2608 ές
335 2544 401 2608 τούς
413 2545 546 2615 Παίονας,
561 2547 642 2623 έλεγεΙ
655 2546 730 2606 τάδε’
752 2559 769 2584 “
778 2547 873 2626 ἄνδρες
886 2551 958 2609 Παί·

157 2659 228 2704 ονες,
245 2634 353 2712 ἔπεμψέ
368 2659 405 2712 με
420 2633 625 2715 Ἀρισταγόρης
641 2635 656 2694 ὁ
676 2636 807 2712 Μιλήτου
825 2637 958 2714 τύραννος

157 2723 299 2798 σωτηρίην
314 2721 381 2799 ῶριῖν
398 2720 619 2800 ότοθησόμενον,
633 2722 719 2800 ἤνπερ
732 2725 882 2802 βούλησθε
900 2727 957 2785 πεί-

158 2810 269 2870 θεσθαι·
290 2813 339 2871 νῶν
355 2809 411 2892 γάρ
427 2810 517 2887 Ἰωνίη
534 2815 615 2870 πᾶσα
633 2812 774 2888 ἀπέστηκε
794 2813 850 2872 α’πό
871 2815 957 2889 βασι-

156 2898 231 2970 λέος,
246 2900 292 2958 καὶ
309 2898 376 2976 ὑμῖν
395 2900 512 2978 παρέχει
531 2899 672 2970 σώζεσθαι
693 2902 739 2960 ε’πὶ
756 2901 808 2976 τὴν
823 2901 958 2977 ὑμετέρην

156 2986 258 3046 αὐτῶν.
299 2988 384 3066 μέχρι
403 2990 455 3065 μὲν
475 2987 625 3064 θαλάσσης
646 2987 757 3048 αι’ντοῖσι
778 2987 851 3065 ὖμῐν,
873 2989 905 3048 τό
928 2989 957 3049 δὲ

156 3073 215 3135 α’πὸ
228 3075 328 3135 τοίντου
341 3075 409 3151 ἡμῖν
422 3075 475 3152 ἤδη
488 3075 634 3152 μελησει.”
674 3080 762 3134 ταῦτα
776 3075 805 3133 δὲ
821 3075 957 3136 οἷκοόσαν-

155 3189 202 3228 τες
215 3167 242 3224 οἱ
256 3166 385 3234 Παίονες,
400 3165 488 3241 κάρτα
505 3190 535 3223 τε
553 3163 704 3222 ἀσπαστόν
722 3162 890 3236 ἐποιήσαντο
911 3165 957 3222 καὶ

155 3251 351 3328 ἀναλαβόντες
370 3251 471 3314 παῖδάς
486 3277 517 3310 τε
534 3251 579 3308 καὶ
596 3251 734 3328 γυναῖκας,
755 3247 959 3324 άπεδιδρησκον

156 3341 204 3401 ἐπὶ
227 3340 389 3401 θάλασσαν·
418 3344 445 3399 οἱ
469 3339 499 3398 δέ
521 3363 592 3398 τινες
614 3334 702 3392 αὐτῶν
726 3335 771 3391 καὶ
795 3335 957 3410 κατέμειναν
