2276 3554
134 139 275 204 τις-ιιι]
448 123 632 190 nomm.
884 139 928 191 179

132 225 161 278 ἐκ
178 225 231 280 τοῦ
249 218 360 280 Πόντου
378 219 522 300 σιταγωγᾶ
541 218 731 279 διεκπλώοντα
744 218 793 278 τόν
805 216 931 295 Ἑλλήσ-

131 333 242 377 ποντον,
257 308 284 370 ές
295 333 327 366 τε
340 308 456 388 Αἴγιναν
466 308 512 366 καὶ
522 306 744 382 Πελοπόννησον
755 305 931 384 κομιζόμενα·

132 399 157 454 οἱ
169 397 222 472 μὲν
235 395 270 470 δὴ
283 394 414 472 πάρεδροι
427 394 520 465 αὐτοῦ,
535 394 570 458 ὦς
584 394 719 460 ἐπύθοντο
729 395 851 469 πολέμια
863 395 932 454 εἶναι

131 483 165 542 τό
184 486 283 552 πλοῖα,
302 487 408 559 ἑτοῖμοι
428 481 502 558 ἦσαν
523 483 622 560 αἱρέειν
643 482 721 552 αὐτό,
743 483 933 558 ἐσβλέποντες

132 577 158 635 ἐς
180 572 231 631 τόν
253 573 382 647 βασιλέα
403 570 484 630 όκότε
507 572 703 651 παραγγελέει·
731 571 747 630 ό
771 571 800 630 δέ
827 571 932 648 Ξέρξης

132 660 220 737 εἴρετο
240 659 347 729 αότούς,
367 658 418 735 όκη
438 660 564 728 πλέοιεν;
590 663 617 718 οἷ
638 659 667 718 δέ
687 659 775 718 εἶπαν·
798 664 852 722 “ε’ς
867 660 932 723 τούς

132 747 199 810 σούς
219 747 381 824 πολεμίους,
404 747 424 806 ὦ
445 747 577 816 δέσποτα,
599 751 679 806 σῖτον
700 745 838 828 όγοντες·”
865 746 881 806 ό
902 747 931 806 δέ

131 833 287 911 όπολαβῶν
314 836 377 910 ἔφη·
406 835 482 894 “ου’κ
503 834 540 895 ὧν
561 836 606 894 καὶ
626 835 706 911 ἡμεῖς
727 838 784 894 ἐκεῖ
808 835 932 912 πλέομεν

132 923 250 1000 ένθαπερ
268 923 315 982 καὶ
333 921 409 982 οὗτοι
426 923 506 982 τοῖσί
521 949 552 982 τε
565 923 682 982 ἄλλοισι
695 923 872 1000 ἐξηρτυμένοι
886 925 932 983 καὶ

131 1011 200 1090 σίτῳ
211 1037 218 1080 ;
239 1012 270 1070 τί
280 1011 350 1086 δῆτα
363 1011 505 1070 ἀδικέουσι
518 1009 594 1070 οὗτοι
607 1010 674 1086 ἡμῖν
687 1011 765 1070 σιτία
777 1012 930 1087 παρακομί-

132 1098 251 1169 ζοντες;”
283 1102 309 1158 οἱ
329 1101 381 1176 μέν
401 1125 449 1158 νυν
470 1099 644 1158 κατάσκοποι
672 1099 742 1158 οὕτω
763 1098 934 1175 θεησάμενοί

130 1213 161 1247 τε
175 1188 221 1246 καὶ
234 1187 465 1264 ἀποπεμφθέντες
479 1187 636 1264 ἐνόστησαν
649 1193 676 1250 ἐς
686 1187 737 1263 τὴν
749 1185 896 1264 Εὐρώπην.

172 1277 210 1334 Οί
227 1275 256 1334 δέ
275 1275 433 1351 συνωμόται
446 1275 591 1352 Ἑλλήνων
604 1276 650 1335 ἐπὶ
666 1280 707 1354 τῷ,
721 1277 827 1354 Πέρση,
840 1275 912 1352 μετὰ
923 1279 980 1336 148

129 1363 182 1438 τὴν
203 1361 368 1441 ἀπόπεμψιν
386 1367 441 1423 τῶν
462 1363 653 1435 κατασκόπων,
676 1363 788 1442 δεύτερα
809 1366 932 1440 ἔπεμπον

131 1456 158 1515 ἐς
173 1450 281 1532 Ἀργος
300 1451 446 1532 α’γγέλους.
487 1451 610 1532 Ἀργεῖοι
631 1453 660 1512 δέ
680 1455 797 1534 λέγουσι
817 1453 852 1512 τοὶ
873 1453 931 1512 κατ’

131 1539 248 1602 ἐωυτοός
268 1540 399 1620 γενέσθαι
421 1538 481 1599 ὦδε·
510 1541 650 1601 πυθέσθαι
673 1540 728 1622 γὰρ
752 1541 849 1601 αὐτίκα
873 1541 931 1600 κατ’

130 1627 221 1706 όρχός
235 1627 271 1687 τό
288 1633 317 1686 ἐκ
333 1632 384 1688 τοῦ
397 1628 548 1705 βαρβάρου
565 1627 725 1708 ἐγειρόμενα
743 1630 789 1688 ἐπὶ
804 1629 855 1705 τὴν
867 1629 932 1688 Ἑλ-

130 1716 213 1786 λάδα,
228 1714 380 1792 πυθόμενοι
396 1715 433 1784 δέ,
449 1717 494 1774 καὶ
511 1715 646 1792 μαθόντες
663 1715 698 1780 ιός
716 1724 808 1793 σφεας
825 1721 851 1776 οἱ
863 1715 931 1776 Ἕλ-

129 1807 214 1879 ληνες
223 1803 405 1878 πειρήσονται
414 1804 685 1881 παραλαμβάνοντες
694 1807 739 1865 ἐπὶ
748 1805 797 1866 τόν
806 1806 930 1882 Πέρσην,

130 1893 243 1969 πέμψαι
258 1892 430 1968 θεοπρόπους
447 1897 474 1954 ἐς
488 1893 627 1968 Δελφούς,
641 1892 696 1952 τόν
707 1892 772 1953 θεόν
788 1898 932 1970 ἐπειρησο-

129 1981 231 2056 μένους
253 1978 289 2042 ὦς
310 1987 366 2054 σφι
387 1980 487 2057 μέλλει
509 1979 625 2058 ἄριστον
648 1985 760 2040 ποιεῦσι
781 1982 930 2062 γενέσθαι;

130 2069 232 2128 νεωστὶ
241 2066 296 2148 γόρ
310 2068 406 2142 σφέων
419 2067 548 2128 τεθνόναι
561 2068 765 2147 ἑξακισχιλίους
778 2067 832 2128 ὑπό
844 2076 932 2128 Λακε-

129 2156 280 2233 δαιμονίων
293 2157 339 2214 καὶ
352 2157 527 2233 Κλεομένεος
539 2160 589 2215 τοῦ
602 2156 826 2234 Ἀναξανδρίδεω·
846 2158 933 2217 τῶνδε

129 2243 165 2320 δὴ
176 2245 267 2304 εἶνεκα
276 2245 405 2321 πέμπειν·
419 2244 471 2320 τὴν
481 2245 510 2303 δέ
521 2245 632 2320 Πυθίην
642 2249 810 2322 ἐπειρωτῶσι
821 2243 932 2306 αὐτοῖσι

129 2331 242 2392 όνελεῖν
254 2331 329 2392 τόδε·

192 2438 285 2499 Ἑχθρὲ
301 2439 482 2500 περικτιόνεσσι,
503 2436 552 2496 φίλ’
571 2439 712 2488 ἀθανάτοισι
729 2441 811 2498 θεοῖσι,

134 2521 139 2528 ·
197 2513 255 2559 είσω
271 2512 312 2558 τὸν
330 2513 475 2572 προβόλαιον
492 2513 555 2572 ἔχων
572 2513 757 2571 πεφυλαγμένος
773 2510 827 2572 ἧσο,

197 2585 240 2631 καὶ
256 2584 365 2644 κεφαλὴν
382 2585 517 2644 πεφύλαξο·
540 2583 601 2645 κάρη
618 2584 645 2632 δέ
660 2584 689 2632 τὸ
706 2586 776 2643 σῶμα
793 2585 891 2633 σαώσει,

128 2689 220 2746 ταῦτα
241 2687 294 2762 μέν
313 2685 365 2761 τὴν
383 2685 492 2762 Πυθίην
511 2689 619 2765 χρῆσαι
638 2685 782 2764 πρότερον·
803 2685 874 2762 μετό
895 2685 932 2754 δέ,

130 2773 167 2837 οἷς
185 2775 280 2834 ἐλθεῖν
294 2773 358 2836 τούς
375 2772 513 2855 όγγέλους
530 2779 557 2836 ἐς
575 2772 609 2850 δὴ
626 2773 659 2833 τό
672 2773 785 2854 Ἄργος,
805 2773 933 2832 ἐπελθεῖν

130 2863 178 2921 ἐπὶ
189 2862 223 2922 τό
237 2859 442 2939 βουλευτήριον
451 2861 497 2920 καὶ
510 2862 603 2942 λέγειν
612 2861 648 2920 τό
659 2860 852 2936 ἐντεταλμένα·
869 2860 933 2922 τούς

129 2949 161 3010 δέ
179 2950 251 3028 πρός
266 2949 301 3008 τό
318 2949 457 3030 λεγόμενα
474 2948 686 3027 ὑποκρίνασθαι,
700 2948 736 3012 ὥς
754 2948 862 3024 έτοῖμοί
877 2951 933 3007 εἶσι

128 3036 256 3120 Ἀργεῖοι
268 3039 372 3098 ποιέειν
383 3043 480 3108 ταῦτα,
493 3037 641 3115 τριήκοντα
656 3039 717 3096 ἔτεα
731 3035 840 3113 εἰρήνην
854 3061 933 3097 σπει-

130 3126 252 3204 σόμενοι
278 3126 523 3203 Λακεδαιμονίοισι
550 3126 597 3182 καὶ
624 3123 771 3203 ἡγεόμενοι
800 3123 870 3181 κατὰ
898 3121 932 3181 τό

129 3213 221 3290 ἥμισυ
244 3212 339 3290 πόσης
361 3217 412 3290 τῆς
434 3212 606 3290 συμμαχίης·
635 3211 723 3267 καίτοι
747 3208 817 3266 κατιί
840 3233 874 3287 γε
900 3208 933 3266 τό

128 3293 239 3362 δίκαιόν
258 3301 388 3382 γίνεσθαι
404 3301 456 3376 τὴν
473 3298 624 3378 ἡγεμονίην
645 3297 757 3362 ἑωυτῶν,
776 3293 841 3352 ἀλλ’
859 3293 932 3369 ὅμως
