2258 3568
131 102 245 167 ⁵3-57]
273 112 297 182 ,-
481 105 595 152 mm.
912 107 943 156 ιο

131 183 279 258 βασιλέας
298 185 384 262 μέχρι
405 186 457 260 μὲν
471 184 599 260 Περσέος
614 188 665 242 τοῦ
680 182 801 260 Δανάης,
815 187 865 243 τοῦ
881 186 946 244 θεοῦ

131 268 279 339 άπεόντας,
296 272 538 352 καταλεγομένους
551 270 641 348 ὀρθῶς
657 271 712 331 ύπὸ
732 271 878 348 Ἑλλήνων
899 273 946 332 καὶ

131 356 384 435 ἀποδεικνυμένους
398 359 443 423 ’ὥς
466 359 683 434 εἰσιἝλληνες·
706 359 770 440 (ἤδη
795 359 850 442 γάρ
872 388 946 437 τηνι-

133 450 223 506 καῦτα
245 453 272 510 ἐς
286 446 434 523 Ἕλληνας
456 446 533 508 οὗτοι
553 450 685 530 ἐτέλεον)
708 449 789 517 ἔλεξα
812 449 840 508 δέ
861 450 945 528 μέχρι

131 536 272 610 Περσέος,
282 534 349 594 ἀλλ’
358 536 407 594 οὐκ
422 536 556 597 α’νέκαθεν
571 538 610 596 ἐτι
623 539 739 613 ἔλαβον,
754 538 835 596 τοῦδε
846 538 944 607 εἵνεκα,

130 620 176 682 ὅτι
200 621 253 682 ούκ
278 625 376 684 ἔπεστι
400 625 541 702 ἐπωνυμίη
565 626 676 703 Περσέῖ
698 624 814 702 ούδεμία
837 627 943 703 πατρός
999 677 1003 686 .

130 711 246 787 θνητοῦ,
262 711 359 789 ὥσπερ
373 714 512 790 Ἡρακλέϊ
525 713 715 791 Ἀμφιτρύων·
737 712 790 790 ἤδη
814 713 850 774 ὧν
872 714 945 793 ὀρθῷ

130 799 210 881 λόγῳ
232 803 382 881 χρεωμένῳ
402 803 487 880 μέχρι
507 806 559 862 τοῦ
579 803 707 880 Περσέος
729 801 818 879 ὀρθῶς
839 804 948 880 εἴρηταί

129 915 191 964 μοι.
216 888 276 949 α’πό
290 890 320 948 δὲ
334 891 448 966 Δανάης
461 895 511 966 τῆς
523 890 670 967 Ἀκρισίου
684 891 868 971 καταλέγοντι
881 891 945 954 τούς

131 976 188 1036 ἅνω
202 979 258 1037 αἰεὶ
271 980 395 1055 πατέρας
409 978 507 1048 αύτῶν,
522 979 671 1054 φαινοίατο
686 977 720 1037 ἂν
735 977 825 1042 ἐόντες
844 982 870 1037 οἱ
890 984 945 1039 τῶν

131 1071 263 1144 Δωριέων
276 1067 413 1148 ἡγεμόνες
427 1065 576 1148 Αἰγύπτιοι
592 1067 739 1147 ἰθαγενέες.
781 1071 876 1125 Ταῦτα
892 1067 990 1142 μέν54

131 1181 180 1214 νυν
203 1155 276 1214 κατά
297 1155 482 1231 τάἜλληνες
504 1156 624 1235 λέγουσι
642 1153 887 1236 γεγενεηλόγηται·
910 1155 945 1218 ὦς

130 1244 161 1302 δὲ
178 1244 195 1304 ἆ
210 1245 347 1321 Περσέων
368 1244 455 1325 λόγος
476 1245 598 1325 λέγεται,
614 1243 697 1306 αύτός
713 1243 729 1302 ὁ
744 1244 872 1320 Περσεύς
894 1245 943 1304 ἐών

129 1330 288 1409 Ἀσσύριος
303 1333 413 1413 ἐγένετο
422 1331 543 1408 Ἕλλην,
555 1331 620 1391 ἀλλ’
632 1331 682 1391 ούκ
696 1335 723 1390 οἶ
734 1333 863 1409 Περσέος
876 1333 943 1410 πρό-

128 1445 220 1501 γονοι·
242 1421 309 1486 τούς
330 1423 360 1480 δὲ
379 1420 525 1498 Ἀκρισίου
540 1448 574 1502 γε
595 1422 717 1498 πατέρας
735 1419 942 1503 ὁμολογέοντας

129 1508 191 1568 κατ’
201 1511 366 1586 οἶκηῖότητα
377 1510 485 1587 Περσέϊ
499 1509 589 1596 οὐδὲν,Ι
596 1509 711 1572 τούτους
724 1511 754 1568 δὲ
768 1509 845 1580 εἶναι,
860 1511 940 1570 κατά-

128 1624 183 1675 περ
192 1598 337 1674 Ἕλληνες
351 1601 478 1680 λέγουσι,
494 1599 674 1678 Αἰγυπτίους.
717 1599 774 1657 Καὶ
788 1603 875 1657 ταῦτα
888 1601 940 1676 μέν
950 1605 988 1659 5ὒ

128 1713 178 1746 νυν
199 1688 265 1764 περὶ
286 1687 391 1746 τούτων
409 1687 540 1763 εἰρήσθω·
563 1685 619 1746 ὅτι
633 1686 662 1745 δὲ
677 1686 767 1749 ἐόντες
781 1687 937 1767 Αἰγύπτιοι,

130 1776 176 1834 καὶ
195 1775 212 1836 ὅ
230 1802 259 1834 τι
278 1773 483 1851 ἀποδεξάμενοι
505 1777 614 1850 ἔλαβον
634 1775 684 1838 τάς
703 1776 831 1852 Δωριέων
854 1777 938 1851 βασι-

129 1863 221 1938 ληίας,
248 1863 368 1923 άλλοισι
390 1863 446 1944 γάρ
470 1863 535 1939 περὶ
562 1861 652 1921 αὐτῶν
680 1864 793 1939 εἴρηται,
819 1863 940 1940 ἐάσομεν

130 1949 209 2022 αύτά,
229 1953 267 2012 τά
286 1952 316 2012 δὲ
334 1951 421 2010 ἄλλοι
438 1950 471 2010 ού
493 1950 687 2026 κατελάβοντο
705 1951 809 2010 τούτων
828 1951 940 2028 μνῆμην

130 2042 296 2118 ποιήσομαι.

171 2133 259 2206 Γέρεα
273 2130 303 2189 δὲ
317 2129 351 2205 δῆ
365 2129 431 2188 τάδε
444 2131 521 2187 τοῖσι
534 2129 694 2204 βασιλεῦσι
708 2131 882 2204 Σπαρτιῆται
895 2129 935 2188 δε·
947 2133 985 2189 56

130 2218 247 2276 δύκασι·
273 2217 410 2295 ἱρωσύνας
431 2215 489 2287 δύο,
512 2215 581 2278 Διός
604 2242 635 2275 τε
659 2216 867 2292 Λακεδαίμονος
891 2220 936 2278 καὶ

131 2307 198 2370 Διός
213 2307 363 2388 Οὐρανίου·
387 2306 433 2363 καὶ
455 2303 582 2380 πόλεμόν
599 2330 632 2385 γε
652 2305 779 2380 ἐκφέρειν
799 2303 841 2363 ἐπ’
854 2304 888 2381 ῆν
905 2305 938 2367 ἂν

128 2395 291 2468 βούλωνται
311 2394 415 2473 χώρην·
436 2391 537 2453 τούτου
551 2392 579 2450 δὲ
593 2393 699 2469 μηδένα
716 2393 784 2452 εἶναι
799 2395 936 2473 Σπαρτιη-

128 2485 196 2542 τέων
218 2481 402 2557 διακωλυτήν·
425 2486 449 2540 εί
470 2482 500 2540 δὲ
521 2481 570 2558 μῆ,
588 2480 673 2540 αύτόν
696 2486 780 2560 ἐντῷ
799 2481 861 2563 άγεῖ
882 2487 935 2544 ἐνέ-

128 2575 242 2650 χεσθαι·
257 2573 486 2648 στρατευομένων
500 2570 537 2640 δέ,
551 2570 677 2646 πριύτους
692 2571 759 2629 ἱέναι
773 2572 837 2634 τούς
849 2575 935 2648 βασι-

127 2663 195 2724 λέας
207 2660 347 2723 ύστάτους
362 2660 391 2718 δέ
406 2660 525 2719 α’πιέναι·
541 2660 639 2719 ἑκατόν
653 2660 683 2718 δὲ
697 2659 730 2718 ἄν
746 2688 797 2737 ρας
811 2662 934 2742 λογάδας

128 2751 174 2808 ἐπὶ
187 2753 325 2826 στρατιῆς
339 2748 502 2824 φυλάσσειν
516 2747 623 2811 αύτούς·
637 2749 811 2826 προβάτοισι
826 2751 854 2808 δὲ
867 2756 934 2830 χρᾶ-

406 2835 640 2862 τινα

127 2839 196 2898 σθαι
210 2843 240 2898 ἐν
253 2842 324 2916 τῆσι
338 2837 462 2916 ἐξοδιῃσι
476 2863 607 2896 οκοσοισι
624 2865 658 2897 αν
675 2837 712 2896 ὦν
730 2839 858 2898 ἐθέλωσι·
880 2845 935 2901 τῶν

127 2926 156 2985 δὲ
179 2928 322 3004 θυομένων
338 2924 468 2985 ἁπάντων
486 2925 522 2984 τά
542 2925 664 3002 δέρματά
685 2952 717 2984 τε
739 2927 783 2984 καὶ
805 2927 840 2986 τά
862 2934 934 2989 νῶτα

126 3015 289 3090 λαμβάνειν
302 3015 405 3090 σφέας.
436 3019 524 3073 ταῦτα
537 3017 589 3089 μὲν
602 3013 638 3073 τά
652 3016 820 3091 ἐμπολέμια.
849 3017 890 3075 Τά
904 3019 980 3078 δέ57

126 3103 213 3174 ἄλλα,
223 3103 259 3162 τά
275 3106 407 3180 εἰρηναῖα,
420 3102 490 3161 κατά
503 3100 568 3159 τάδε
583 3109 639 3175 σφι
654 3102 770 3158 δέδοται·
785 3100 819 3172 ἢν
834 3105 934 3174 θυσίην

125 3218 168 3255 τις
180 3192 325 3267 δημοτελῆ
340 3191 476 3264 ποιέηται,
491 3188 616 3264 πρώτους
632 3187 677 3243 ἐπὶ
690 3185 723 3242 τό
737 3187 847 3240 δεῖπνον
870 3186 934 3250 ἵζειν

126 3279 191 3344 τούς
213 3278 366 3354 βασιλέας·
389 3277 435 3335 καὶ
456 3274 513 3332 α’πὸ
537 3271 641 3330 τούτων
664 3273 773 3339 πρῶτον
797 3265 934 3336 ἄρχεσθαι
