2258 3568
550 21 621 93 22.

188 167 218 211 ιι
493 164 675 212 Ἧιοιουοι
939 165 995 232 [ν.,χ

188 242 410 320 ἀσφαλέστατον
444 244 692 320 καταστησόμενος
725 248 780 304 τῶν
806 245 1015 328 πρηγμάτων,“

188 331 330 393 κάλλιστα
343 333 394 408 τήν
407 332 492 392 πόλιν
509 332 702 410 ἐπιτροπεύοι;
731 332 938 410 Θρασύβουλος
958 337 990 394 δὲ

187 420 236 482 τόν
258 421 377 482 ἐλθόντα
399 420 475 498 παρα
499 425 549 480 τοῦ
572 421 744 498 Περιάνδρου
766 422 847 502 ἐξῆγε
871 423 920 492 ἐξω
937 428 989 482 τοῦ

187 508 297 574 ἅστεος·
320 510 411 586 ἐσβᾶς
433 510 462 568 δὲ
484 515 511 573 ἐς
531 508 652 588 ἅρουραν
673 511 858 586 ἐσπαρμένην,
878 509 937 587 ἅμα
957 537 990 570 τε

189 597 289 674 διεξήῖε
310 599 343 658 τό
366 598 455 675 λήϊον,
471 603 623 676 ἐπειρωτῶν
638 624 668 658 τε
685 598 731 656 καὶ
748 597 918 669 ἀναποδίζων
937 599 989 659 τόν

188 686 293 762 κήρυκα
315 688 384 747 καταὶ
404 688 455 763 τήν
468 687 525 746 α’πὸ
539 687 680 764 Κορίνθου
693 684 795 756 ἄπιξιν,
810 687 856 745 καὶ
875 687 989 747 ἐκόλουε

188 776 241 834 αἰεὶ
263 775 331 839 ὅκως
349 775 411 836 τινό
430 777 483 835 ἴδοι
506 781 560 835 τῶν
577 774 726 854 ἀσταχύων
740 773 920 854 ύπερέχοντα·
943 802 988 835 κο-

189 863 279 924 λούων
295 866 332 934 δὲ,
348 867 467 943 ἔρριπτε·
489 871 516 928 ἐς
530 864 546 924 ὃ
559 868 609 924 τοῦ
627 865 709 940 ληίου
727 862 760 923 τό
781 863 937 924 κάλλιστόν
956 891 989 924 τε
1033 885 1041 894 ’

189 952 235 1009 καὶ
250 953 412 1027 βαθύτατον
432 951 571 1030 διέφθειρε
588 952 682 1031 τρόπῳ
695 951 819 1031 τοιούτῳ·
841 952 989 1022 διεξελθὼν

208 1040 265 1100 ἐτδ
279 1043 381 1119 χωρίον
398 1039 443 1100 καὶ
457 1041 627 1117 ὑποθέμενος
640 1041 705 1103 ἔπος
724 1039 810 1110 οὐδὲν,
825 1039 988 1118 ἀποπέμπει

190 1127 239 1188 τόν
258 1129 371 1206 κήρυκα.
414 1130 605 1205 νοστήσαντος
629 1129 657 1188 δέ
679 1133 729 1188 τοῦ
751 1128 867 1206 κήρυκος
889 1134 916 1192 ἐς
935 1128 988 1205 τήν

190 1217 337 1294 Κόρινθον,
352 1217 386 1294 ἦν
406 1218 549 1295 πρόθυμος
562 1217 752 1277 πυνθάνεσθαι
772 1217 823 1293 τήν
843 1216 987 1294 ύποθήκην

190 1304 206 1364 ό
221 1307 398 1383 Περίανδρος·
420 1305 435 1365 ό
450 1306 479 1364 δὲ
493 1304 570 1364 οὐδέν
584 1309 611 1364 οἱ
624 1307 679 1382 ἐφη
693 1305 900 1382 Θρασύβουλον
919 1306 986 1364 ύπο-

192 1393 301 1454 θέσθαι·
317 1394 452 1470 θωμάζειν
464 1419 495 1452 τε
509 1393 601 1462 αύτοῦ,
613 1393 677 1470 παρ’
688 1392 746 1452 οἶόν
759 1419 807 1470 μιν
820 1392 905 1470 ἄνδρα
918 1393 986 1453 όπο·

190 1482 318 1559 πέμψειε,
333 1482 368 1544 οἷς
381 1481 556 1562 παραπλῆγά
571 1508 602 1541 τε
617 1483 662 1540 καὶ
675 1487 728 1542 τῶν
743 1485 843 1541 ἑωυτοῦ
863 1481 985 1558 σινάμω-

189 1596 248 1646 ρον·
269 1570 458 1651 ἀπηγεόμενος
471 1569 558 1648 τόπερ
569 1571 639 1647 πρός
646 1569 854 1648 Θρασυβούλου
867 1568 984 1629 όπιύπεε.

192 1659 360 1736 Περίανδρος
381 1659 410 1718 δέ
432 1660 534 1722 συνιεὶς
555 1659 588 1718 τό
611 1660 733 1734 ποιηθὲν,
757 1659 802 1716 καὶ
824 1659 876 1738 νόῳ
898 1659 986 1737 ἴσχων

191 1745 226 1809 οἷς
245 1750 271 1805 οἱ
284 1746 428 1806 ὑπετίθετο
443 1746 648 1822 Θρασύβουλος
667 1745 732 1808 τούς
752 1745 914 1824 ὑπειρόχους
931 1750 986 1806 τῶν

190 1833 284 1894 όστῶν
306 1834 439 1910 φονεύειν,
464 1835 581 1894 ἐνθαῦτα
603 1833 637 1909 δή
659 1839 755 1894 πᾶσαν
782 1834 918 1909 κακότητα
945 1836 985 1904 ἐξ·

192 1924 288 1999 έφαινε
309 1929 336 1988 ἐς
357 1924 421 1986 τούς
438 1923 585 1998 πολιήτας.
627 1921 682 1982 ὅσα
703 1921 758 2003 γὰρ
781 1922 913 1999 Κύψελος
934 1922 986 1981 όπ-

191 2013 270 2072 έλιπε
284 2014 394 2073 κτείνων
412 2037 442 2072 τε
463 2013 509 2070 καὶ
522 2011 633 2082 διώκων,
648 2010 818 2088 Περίανδρός
838 2018 915 2086 σφεα
934 2010 985 2070 ἅπ-

191 2103 312 2160 ετέλεσε.
353 2105 405 2178 μιῇ
425 2099 454 2159 δὲ
472 2099 561 2177 ήμέρῃ
580 2098 702 2158 ἀπέδυσε
716 2098 811 2161 πόσας
823 2099 874 2160 τός
887 2105 986 2175 Κοριν-

187 2190 255 2249 ’θίων
275 2194 413 2271 γυναῖκας,
436 2187 481 2246 διὰ
499 2187 551 2263 τήν
569 2191 669 2246 ἑωυτοῦ
689 2187 807 2267 Ιγυναῖκα
823 2189 986 2246 Μέλισσαν·

190 2279 331 2354 πέμψαντι
345 2276 398 2356 γάρ
413 2279 438 2335 οἱ
453 2281 480 2338 ἐς
490 2275 673 2351 Θεσπρωτούς
684 2274 725 2333 ἐπ’
736 2274 889 2353 Ἀχέροντα
902 2301 987 2333 ποτα-

189 2366 243 2441 μὸν
259 2364 396 2445 οἶγγέλους
415 2364 460 2422 ἐπὶ
473 2363 506 2422 τό
520 2363 733 2439 νεκυομανπήῖον
753 2361 987 2440 παρακαταθήκης

189 2454 253 2529 πέρι
272 2455 396 2528 ξεινικῆς,
414 2451 476 2511 οὔτε
494 2452 644 2527 σημανέειν
662 2453 717 2527 ἔφη
733 2451 751 2527 ή
770 2452 909 2510 Μέλισσα
930 2456 987 2510 ἐπι-

190 2546 321 2617 φανεῖσα,
336 2540 398 2600 ούτε
411 2540 547 2616 κατερέειν
561 2543 640 2616 ἐντῷ
654 2541 744 2598 κέεται
763 2540 844 2618 χώρῳ
861 2539 879 2614 ἡ
899 2565 988 2617 παρα-

190 2629 341 2706 καταθήκη·
363 2632 459 2709 ῥιγοῦν
472 2653 503 2686 τε
516 2627 571 2707 γὰρ
593 2628 639 2685 καὶ
653 2627 722 2686 εἶναι
735 2627 836 2707 γυμνή·
857 2631 912 2687 τῶν
932 2627 988 2708 γάρ

190 2721 216 2777 οἱ
234 2719 430 2799 συγκατέθαψε
449 2716 565 2793 εἱμάτων
579 2714 684 2790 ὄφελος
698 2715 766 2775 εἶναι
787 2715 873 2787 οὐδὲν,
888 2714 920 2775 ού
941 2742 988 2774 κα-

189 2807 387 2866 τακαυθέντων·
401 2803 553 2882 μαρτύριον
563 2804 594 2862 δέ
607 2807 633 2862 οἱ
648 2804 717 2863 εἶναι
731 2803 767 2867 οἷς
780 2803 888 2880 α’ληθέα
900 2808 988 2864 ταῦτα

189 2895 275 2975 λέγει,
294 2893 338 2954 ὅτι
361 2894 406 2953 ἐπὶ
428 2891 536 2971 ψυχρόν
556 2892 606 2951 τόν
631 2891 710 2952 ἰπνόν
732 2893 903 2970 Περίανδρος
923 2892 988 2955 τούς

190 2979 289 3059 ἄρτους
316 2984 449 3058 ἐπέβαλε.
490 2984 577 3040 ταῦτα
599 2980 628 3038 δὲ
651 2979 685 3044 οἷς
707 2980 799 3040 ὀπίσω
820 2981 990 3062 ἀπηγγέλθη

189 3074 228 3149 τῷ
244 3070 411 3149 Περιάνδρῳ,
426 3067 541 3149 (πιστόν
562 3067 617 3148 γόρ
640 3071 667 3127 οἱ
687 3068 721 3144 ἦν
742 3069 775 3128 πδ
798 3068 988 3146 συμβόλαιον,

190 3157 221 3221 ὃς
234 3163 318 3237 νεκρῷ
340 3158 424 3236 ἐούσῃ
438 3157 576 3235 Μελίσσῃ
596 3158 700 3238 ἐμίγη)
716 3158 792 3220 ἰθέως
805 3157 838 3234 δή
855 3157 923 3234 μετὰ
937 3157 991 3233 τήν

190 3245 325 3328 ἀγγελίην
342 3245 469 3325 κήρυγμα
490 3243 651 3319 ἐποιήσατο,
667 3250 693 3308 ἐς
706 3246 739 3305 τό
752 3244 870 3323 Ἡραῖον
889 3245 991 3315 ἐξιέναι

190 3333 285 3398 πάσας
299 3334 348 3396 τοὶς
370 3332 524 3409 Κορινθίων
542 3335 682 3410 γυναῖκας.
723 3336 752 3392 αἶ
773 3337 825 3411 μὲν
846 3333 889 3409 δή,
906 3331 942 3395 οἷς
963 3338 992 3396 ἐς
