2258 3568
121 143 198 207 με]
477 133 589 189 mmo.
773 205 778 218 ‚
894 141 926 188 ιο

121 219 319 296 ἐβουλεύσατο
331 221 460 283 Φοίνικας
472 223 523 297 μὲν
538 220 732 296 ἐξαναστήσας
746 225 775 281 έν
788 223 824 300 τῇ
836 218 927 300 Ἰωνίῃ

123 309 291 380 κατοικίσαι,
300 307 398 372 Ἴωνας
411 309 441 368 δὲ
457 315 486 369 ἐν
498 313 534 388 τῇ
547 310 671 389 Φοινίκῃ·
693 310 739 368 καὶ
754 308 859 370 τούτων
872 309 925 368 εἴν-

124 422 174 456 εκα
195 398 374 457 ἐπιστείλειε·
401 395 480 457 οὐδέν
501 423 529 457 τι
550 395 659 460 πάντως
678 402 766 458 ταῦτα
786 397 926 474 βασιλέος

123 486 366 562 βουλευσαμένου.
409 485 552 563 ἐδειμάτου
571 484 637 549 τούς
652 484 758 549 Ἴωνας.

166 575 249 634 Μετά
270 575 307 645 δὲ,
323 574 338 634 ί
351 574 484 638 Ἱστιαῖος
498 574 532 634 δι’
545 573 669 655 ἀγγέλου
689 573 850 652 ποιεύμενος
864 573 927 651 Ἑρ·
942 575 960 632 4

123 663 244 739 μίππου,
258 663 358 740 ἀνδρὸς
371 663 558 740 Ἀταρνείτεω,
571 667 649 722 τοῖσι
670 668 698 722 έν
712 661 832 740 Σάρδισι
848 665 928 722 ἐοῦσι

124 752 260 828 Περσέων
282 753 388 828 ἔπεμπε
408 751 530 828 βυβλία,
553 749 589 815 οἷς
610 750 929 830 προλελεσχηνευμένων

124 838 199 919 αὐτῷ
216 838 394 903 ἀποστάσιος
412 840 482 918 πέρι
526 839 542 899 ὁ
561 839 591 898 δὲ
601 838 763 916 Ἕρμιππος
778 838 849 916 πράς
863 837 929 902 τούς

124 929 177 1004 μὲν
199 927 373 1004 ἀπεπέμφθη
395 927 427 988 οὗ
448 928 527 998 διδοῖ,
552 927 644 1005 φέρων
667 928 696 986 δὲ
719 927 870 1007 ἐνεχείρισε
892 926 929 986 τά

124 1017 240 1092 βυβλία
257 1016 450 1093 Ἀρταφέρνεῖ·
471 1016 487 1076 ὁ
510 1016 539 1075 δὲ
559 1015 658 1092 μαθιδν
679 1015 753 1077 ἀπαν
773 1014 806 1075 τά
826 1014 936 1096 γινόμε-

125 1129 183 1174 νον,
197 1107 307 1164 ε’κέλευε
325 1103 375 1164 τάν
389 1103 552 1182 Ἕρμιππον
569 1103 605 1164 τά
622 1107 675 1182 μὲν
688 1103 766 1181 παρά
777 1108 829 1163 τοῦ
842 1102 927 1161 Ἱστι-

125 1191 190 1251 αίου
211 1191 306 1252 δοῦναι
327 1193 449 1271 φέροντα
469 1192 549 1252 τοῖσί
564 1217 617 1270 περ
636 1193 726 1269 ἔφερε,
743 1191 779 1251 τά
800 1191 829 1250 δὲ
848 1190 927 1268 ἀμοι-

124 1280 199 1354 βαῖα
211 1280 247 1339 τά
259 1281 337 1359 παρά
349 1285 404 1341 τῶν
418 1282 551 1359 Περσέων
565 1279 793 1358 ἀντιπεμπόμενα
805 1279 928 1358 Ἱστιαίῳ

126 1371 217 1448 ἑωυτῷ
234 1369 337 1429 δοῦναι.
378 1369 481 1429 τούτων
495 1369 524 1428 δὲ
539 1369 694 1449 γενομένων
711 1371 846 1446 φανερῶν,
861 1366 927 1426 ἀπέ-

126 1482 215 1516 κτεινε
239 1458 357 1517 ε’νθαῦτα
380 1457 506 1521 πολλοὺς
527 1457 661 1535 Περσέων
685 1456 701 1517 ὁ
724 1455 925 1534 Ἀρταφέρνης.

125 1545 191 1622 περὶ
211 1544 312 1621 Σάρδις
331 1547 383 1622 μέν
402 1545 437 1622 δή
458 1547 563 1626 ἐγίνετο
583 1543 702 1623 ταραχή.

167 1631 300 1694 Ἱστιαῖον
314 1633 343 1692 δὲ
353 1632 455 1710 ταύτης
465 1632 672 1708 ἀποσφαλέντα
681 1637 731 1708 τῆς
741 1633 854 1696 &armos
862 1635 929 1692 Χῖοι
943 1635 962 1691 5

128 1725 250 1802 κατῆγον
264 1727 291 1784 ἐς
304 1722 443 1798 Μίλητον,
458 1720 542 1781 αὐτοῦ
555 1721 689 1781 Ἱστιαίου
706 1721 859 1797 δεηθέντος.
901 1723 928 1780 οἶ

127 1810 157 1870 δὲ
170 1811 312 1887 Μιλήσιοι
325 1809 443 1889 ἅσμενοι
458 1811 688 1890 ἀπαλλαχθέντες
702 1811 748 1869 καὶ
760 1809 928 1891 Ἀρισταγό-

126 1925 188 1974 ρεω,
203 1897 328 1976 οὐδαμῶς
348 1899 486 1977 πρόθυμοι
506 1898 581 1975 ἦσαν
601 1897 692 1959 ἀλλον
708 1897 841 1976 τύραννον
855 1898 927 1958 δέκε-

127 1988 197 2047 σθαι
219 1993 246 2050 ε’ς
266 1989 318 2064 τήν
334 1988 436 2068 χώρην,
454 1987 500 2048 οἶά
519 2014 550 2048 τε
572 1988 728 2064 ἐλευθερίης
747 1985 927 2068 γευσάμενοι.

127 2077 174 2134 καὶ
195 2076 239 2152 δή,
261 2077 357 2140 νυκτὸς
377 2077 432 2157 γάρ
455 2077 555 2154 εὀιίσης
572 2078 624 2156 βίη
644 2079 773 2152 ε’πειρᾶτο
792 2075 892 2136 κατιών
911 2075 928 2135 ἀ

125 2164 260 2228 Ἱστιαῖος
283 2170 311 2229 ές
330 2165 382 2241 τήν
401 2165 541 2242 Μίλητον,
561 2163 744 2242 τιτρώσκεται
766 2164 816 2224 τάν
838 2163 929 2241 μηράν

126 2252 182 2314 ἀπό
196 2279 244 2313 τευ
263 2257 319 2314 τῶν
332 2255 493 2331 Μιλησίων.
534 2252 551 2314 ὁ
569 2256 620 2330 μὲν
633 2252 667 2329 δή
682 2252 717 2315 ὦς
730 2251 861 2315 ἀπωστάς
878 2257 929 2328 τῆς

126 2344 229 2401 ἑωυτοῦ
237 2342 351 2423 γίνεται,
365 2341 522 2402 ἀπικνέεται
535 2339 627 2402 ὀπίσω
641 2347 668 2404 ἐς
680 2341 731 2417 τήν
743 2342 823 2401 Χίον·
837 2342 926 2401 ε’νθεῦ-

125 2453 172 2489 τεν
190 2429 228 2499 δὲ,
243 2429 276 2489 οὐ
295 2431 349 2511 γὰρ
369 2431 461 2490 ἔπειθε
480 2429 546 2494 τούς
562 2431 648 2493 Χίους
669 2429 742 2489 ὥστε
761 2433 850 2508 ἑωυτῷ
867 2430 928 2488 δοῦ-

125 2542 171 2578 ναι
190 2518 262 2587 νέας,
277 2517 358 2594 διέβη
381 2522 408 2582 ἐς
429 2517 594 2594 Μυτιλήνην
615 2519 660 2578 καὶ
678 2519 772 2578 ἔπεισε
785 2518 929 2594 Λεσβίους

125 2605 224 2666 δοῦναί
242 2608 269 2664 οἱ
290 2607 360 2676 νέος,
403 2607 472 2666 οἶδὲ
488 2606 689 2684 πληρώσαντες
709 2605 781 2665 ἀκτιδ
801 2603 930 2682 τριήρεας

125 2695 228 2754 ἔπλεον
248 2692 307 2770 ἅμα
320 2693 441 2774 Ἱστιαίῳ
463 2699 490 2758 ές
511 2695 671 2766 Βυζάντιον·
694 2695 813 2754 ε’νθαῦτα
829 2691 858 2751 δὲ
874 2693 926 2764 ἱζό·

125 2807 213 2858 μενοι,
236 2780 287 2845 τάς
311 2787 340 2840 ἐκ
363 2786 412 2842 τοῦ
438 2782 549 2842 Πόντου
575 2783 756 2846 ε’κπλωούσας
782 2785 837 2842 τῶν
863 2784 931 2841 νεῶν

125 2869 300 2948 ἐλάμβανον,
324 2871 401 2947 πλήν
425 2870 443 2948 ἦ
467 2871 532 2932 ὅσοι
559 2870 649 2932 αὐτῶν
672 2870 795 2949 Ἱστιαίῳ
819 2869 931 2945 ἔφασαν

126 2961 236 3036 ἑτοῖμοι
257 2958 327 3019 εἶναι
347 2961 504 3020 πείθεσθαι.

165 3045 300 3110 Ἱστιαῖος
313 3049 364 3124 μέν
378 3074 426 3107 νυν
441 3048 486 3106 καὶ
501 3049 693 3121 Μυτιληναῖοι
714 3044 822 3103 ε’ποίευν
834 3047 932 3102 τοῦτο·
948 3046 966 3102 6

126 3135 173 3193 ε’τὶ
186 3134 217 3194 δὲ
231 3135 363 3212 Μίλητον
377 3134 463 3210 αὐτήν
477 3133 603 3194 ναυτικὸς
617 3130 727 3191 πολλάς
740 3131 787 3186 καὶ
800 3127 883 3196 πςζάς
895 3153 930 3200 ην

126 3221 250 3300 στρατὸς
264 3223 465 3301 προσδόκιμος.
506 3217 717 3293 συστραφέντες
733 3213 787 3291 γὰρ
802 3215 828 3267 οἶ
842 3235 928 3283 σφα·

126 3310 209 3390 τηγοῒ
230 3313 287 3370 τῶν
303 3310 446 3388 Περσέων,
468 3307 513 3366 καὶ
536 3306 565 3364 ἓν
586 3299 755 3373 ποιήσαντες
776 3293 930 3366 στρατόπῑ·
