2258 3568
144 144 254 209 αι’-ιι]
435 132 642 194 ἀιςνικονα
915 147 947 196 23

143 225 250 300 μένεος,
277 225 430 302 προέβαινε
458 229 535 285 τοῖσι
561 226 690 303 χρήμασι
716 223 906 302 ὑπερβάλλων
933 224 949 285 ὁ

143 311 351 394 Ἀρισταγόρης
371 318 398 378 ές
418 311 451 374 οὗ
471 313 643 390 πεντήκοντά
662 339 693 374 τε
714 313 840 373 τάλαντα
852 312 948 373 ύποδέ·

145 400 236 470 δέκτο,
251 403 298 460 καὶ
311 401 344 460 τδ
358 401 469 462 παιδίον
483 401 632 478 ηὐδάξατο.
654 412 671 437 “
679 401 776 478 πάτερ,
791 401 949 478 διαφθερέει

145 514 183 547 σε
196 488 212 548 ὁ
227 489 323 558 ξεῖνος,
337 488 371 564 ἣν
384 489 425 566 μή
439 489 568 554 ἀποστάς
587 489 654 570 ἶῃς.”
696 489 712 550 ὅ
725 515 755 550 τε
769 489 803 565 δή
822 491 948 566 Κλεομέ-

145 602 204 650 νης,
218 575 315 652 ἡσθεὶς
333 581 382 636 τοῦ
396 577 507 636 παιδίου
520 583 556 656 τῇ
569 579 732 654 παραινέσει
750 577 793 654 ἧῖε
813 583 840 641 ἐς
856 579 949 654 ἔτερον

146 665 259 740 οἴκημα,
274 665 348 725 καὶὸ
363 664 570 747 Ἀρισταγόρης
588 666 796 726 ἀπαλλάσσετο
811 667 844 726 τά
861 666 948 742 παροί-

145 777 205 812 παν
226 757 255 812 ἔκ
275 758 325 828 τῆς
352 755 491 830 Σπάρτης·
518 755 583 814 ούδέ
602 758 628 813 οἱ
649 756 788 835 ἐξεγένετο
816 754 948 813 έπιπλέον

146 841 188 899 ἔτι
202 845 327 920 σημῇναι
340 843 403 919 περὶ
415 847 465 917 τῆς
479 843 577 903 ἀνόδου
591 849 640 919 τῆς
653 843 730 919 παραὶ
742 843 878 918 βασιλέα.

183 927 266 1008 Ἔχει
285 929 340 1011 γάρ
361 929 436 1006 άμφὶ
455 931 491 1008 τῇ
512 931 565 1010 ὁδῷ
584 932 671 1011 ταύτῃ
687 929 747 990 οἶδε’
775 933 902 1007 σταθμοί
918 933 996 989 τε52

146 1022 278 1096 πανταχῆ
293 1021 349 1076 εἰσι
364 1019 523 1094 βασιλήϊοι,
538 1019 584 1076 καὶ
601 1019 768 1084 καταλύσιες
785 1019 947 1087 κάλλισται,

146 1103 194 1164 διά
209 1105 368 1182 οἰκεομένης
380 1104 439 1182 τεή
453 1105 516 1169 ὁδός
533 1105 632 1166 ἅπασα
646 1108 692 1165 καὶ
706 1106 863 1182 ἀσφαλέος.
905 1105 950 1165 διά

146 1193 201 1269 μέν
213 1219 247 1275 γε
259 1193 363 1269 Λυδίης
377 1195 422 1252 καὶ
435 1195 557 1275 Φρυγίης
576 1197 700 1272 σταθμοὶ
713 1197 847 1256 τείνοντες
860 1194 952 1253 εἴκοσί

148 1283 214 1352 εἶσι,
234 1281 417 1363 παρασάγγαι
437 1283 466 1342 δὲ
486 1281 619 1360 τέσσερες
640 1284 685 1342 καὶ
706 1282 883 1359 ἐννενήκοντα
904 1283 950 1340 καὶ

146 1369 247 1447 ἥμισυ.
288 1371 425 1430 ε’κδέκεται
446 1370 469 1430 δ’
486 1376 516 1430 έκ
532 1375 582 1447 τῆς
597 1372 720 1453 Φρυγίης
735 1371 751 1432 ά
770 1371 885 1434 “Ἀλυς
899 1398 948 1430 πο-

147 1457 246 1536 ταμός·
267 1457 309 1518 ἐπ’
326 1457 347 1538 ᾧ
364 1459 452 1518 πύλαι
465 1485 496 1518 τε
514 1460 613 1530 ἔπεισι,
627 1460 678 1523 τάς
696 1458 857 1530 διεξελάσαι
869 1465 950 1519 πᾶσα

148 1547 256 1629 ἀνάγκη
271 1549 316 1606 καὶ
330 1546 399 1606 οὕτω
410 1548 556 1624 διεκπερᾶν
569 1548 618 1608 τὸν
631 1549 767 1625 ποταμὸν,
782 1549 828 1608 καὶ
842 1554 950 1624 φυλακ-

146 1637 245 1713 τήριον
257 1636 331 1716 μέγα
350 1635 391 1694 ἐπ’
406 1635 487 1714 αύτῷ.
530 1636 660 1713 διαβάντι
677 1637 707 1695 δὲ
720 1642 748 1700 ές
760 1637 812 1712 τήν
829 1643 950 1695 Καππα-

148 1725 244 1800 δοκίην
278 1726 323 1783 καὶ
353 1722 440 1803 ταύτῃ
467 1724 643 1804 πορευομένῳ
669 1725 753 1803 μέχρι
780 1725 866 1802 σύρων
895 1728 951 1784 τῶν

148 1815 292 1883 Κιλικίων,
319 1812 442 1888 σταθμοὶ
472 1813 542 1872 δυῶν
572 1812 680 1876 δέοντές
711 1818 766 1872 εἶσι
792 1813 949 1890 τριήκοντα,

146 1900 331 1982 παρασάγγαι
352 1901 381 1958 δὲ
400 1899 535 1977 τέσσερες
555 1900 601 1958 καὶ
623 1900 730 1960 ἑκατόν·
756 1902 801 1960 ε’πὶ
825 1901 855 1960 δὲ
874 1904 951 1959 τοῖσι

147 1988 252 2050 τούτων
273 1989 381 2066 οὔροισι
402 1988 478 2058 διξάς
497 2015 528 2047 τε
548 1987 640 2052 πύλας
661 1989 793 2068 διεξελᾷς,
815 1989 861 2046 καὶ
888 1988 950 2057 διξὰ

148 2078 327 2155 φυλακτήρια
354 2078 552 2155 παραμείψεαι.
593 2083 682 2138 ταῦτα
705 2079 734 2137 δὲ
758 2076 952 2147 διεξελάσαντι

148 2165 282 2233 καὶ,διά’
295 2170 346 2241 τῆς
373 2166 504 2241 Κιλικίης
527 2165 592 2226 άδόν
618 2165 770 2246 ποιευμένῳ
796 2169 869 2243 τρεῖς
897 2169 952 2225 εἰσι

147 2255 280 2332 σταθμοὶ,
302 2252 486 2335 παρασάγγαι
510 2254 540 2312 δὲ
563 2255 758 2314 πεντεκαίδεκα
780 2255 825 2313 καὶ
851 2253 950 2331 ἥμισυ.

147 2341 230 2421 οὖρος
249 2342 279 2401 δὲ
300 2343 430 2418 Κιλικίης
448 2341 494 2400 καὶ
509 2346 559 2417 τῆς
574 2341 721 2419 Ἀρμενίης
737 2343 799 2402 ἐστὶ
816 2343 951 2419 ποταμὸς,

147 2431 358 2510 νιμισιπέρητος,
372 2434 411 2509 τῷ
432 2428 538 2507 ούνομα
558 2429 719 2507 Εὐφρήτης·
746 2436 774 2491 ε’ν
792 2432 821 2490 δὲ
837 2435 872 2510 τῇ
888 2431 950 2508 Ἀρ-

146 2521 229 2599 μενίῃ
250 2518 373 2596 σταθμοὶ
393 2519 445 2595 μέν
470 2523 525 2578 εἰσι
547 2519 727 2599 καταγωγέων
748 2519 951 2588 πεντεκαίδεκα,

146 2608 331 2689 παρασάγγαι
352 2606 381 2664 δέ
403 2607 433 2676 ἓξ
453 2608 498 2664 καὶ
520 2606 691 2683 πεντήκοντα
712 2607 758 2666 καὶ
778 2607 877 2684 ἥμισυ·
906 2608 952 2665 καὶ

147 2695 340 2773 φυλακτήριον
361 2700 390 2754 ἔν
414 2694 534 2754 αύτοῖσι·
561 2696 684 2771 ποταμοὶ
705 2695 734 2754 δὲ
754 2695 952 2771 νηυσιπέρητοι

90 2853 94 2860 ,
147 2785 281 2862 τέσσερες
308 2783 354 2842 διά
381 2782 483 2859 ταύτης
509 2785 615 2860 ῥέουσι,
641 2783 706 2846 τούς
733 2788 814 2843 πάσα
844 2781 951 2862 ἀνάγκη

147 2872 374 2950 διαπορθμεῦσαί
392 2876 462 2931 ἐστι’
489 2875 598 2948 πρῶτος
617 2874 669 2949 μὲν
692 2873 796 2951 Τίγρις
816 2869 888 2945 μετά
911 2869 949 2939 δὲ,

147 2959 274 3038 δεύτερός
295 2985 326 3019 τε
349 2960 395 3018 καὶ
416 2959 510 3036 τρίτος
532 2959 617 3022 ὦυτός
645 2957 872 3035 ούνομαζόμενος,
900 2956 950 3016 ούκ

147 3048 235 3112 ὦυτός
249 3048 300 3109 εἰδν
312 3047 439 3124 ποταμδς
458 3046 521 3106 οὐδὲ
540 3053 570 3106 ἐκ
589 3051 639 3106 τοῦ
659 3046 744 3104 αὐτοῦ
757 3046 835 3120 ῥέων·
857 3045 886 3125 (ὅ
899 3048 951 3120 μὲν

145 3137 203 3219 γάρ
221 3136 357 3214 πρότερος
369 3135 459 3195 αύτῶν
479 3135 661 3212 καταλεχθεὶς
675 3133 705 3200 ἒξ
716 3131 868 3208 Ἀρμενίων
883 3133 947 3208 ῥέει,

146 3225 163 3288 ὁ
185 3224 208 3284 δ’
229 3223 356 3302 ὕστερον,
371 3229 401 3282 έκ
419 3219 622 3298 Ματιηνῶν·)ὁ
639 3219 668 3277 δὲ
683 3220 814 3293 τέταρτος
828 3223 885 3278 τυῖν
900 3243 949 3275 πο·

145 3317 243 3402 ταμῶν
257 3311 362 3391 οἶνομα
376 3312 433 3390 ἔχει
452 3308 564 3382 Γύνδης,
583 3306 632 3365 τδν
646 3309 739 3380 Κῦρος
756 3304 874 3376 διέλαβέ
887 3327 950 3361 κοτε
