2282 3550
158 141 282 204 99-102]
496 143 646 191 οτνιυικ.
908 145 954 191 ιιι

158 219 181 279 δ’
199 219 254 296 ἀρα
269 246 314 280 τοι
327 222 518 298 βεβούλευται
537 222 620 282 αὐτόν
634 222 826 283 ἀπελαύνοντα
839 221 958 304 ἀπάγειν

156 308 210 384 τήν
226 309 369 386 στρατιήν,
388 309 481 386 ἀλλην
498 311 551 390 ἐχω
568 311 615 369 καὶ
632 315 662 369 ἐκ
682 311 765 371 τῶνδε
778 311 898 388 βουλήν·
920 311 957 372 σύ

158 398 281 474 Πέρσας,
290 399 423 473 βασιλεῦ,
437 400 478 475 μή
491 399 614 478 ηοιήσης
625 399 851 480 καταγελάστους
864 401 957 481 γενέσ-

158 486 206 544 θαι
213 485 350 562 Ἕλλησι·
372 486 450 546 ούδέν
462 487 517 568 γάρ
532 493 560 547 ἐν
573 492 649 548 τοῖσι
663 489 797 567 Πέρσησι
810 488 958 564 δεδήληται

156 577 211 634 τῶν
232 573 410 655 πρηγμάτων,
429 574 492 634 ούδέ
514 580 583 653 ἐρεῖς
605 576 671 637 ὅκου
693 576 843 658 ἐγενόμεθα
863 575 959 654 ἄνδρες

158 667 247 722 κακοί·
273 667 297 722 εἰ
314 663 344 722 δέ
363 665 487 729 Φοίνικές
499 692 530 724 τε
545 667 591 724 καὶ
604 665 753 746 Αἰγύπτιοι
772 667 818 724 καῖ
837 667 962 743 Κύπριοί

157 777 188 810 τε
207 753 253 810 καὶ
272 753 388 816 Κίλικες
406 755 485 813 κακοὶ
501 755 636 836 ἐγένοντο,
658 753 736 814 οὖδέν
757 755 826 830 πρὸς
844 757 959 830 Πέρσας

157 844 239 899 τοῖπο
250 841 388 918 προσήκει
398 841 432 901 τό
444 842 542 904 πάθος.
572 841 625 918 ήδη
637 842 681 912 ὧν,
693 849 753 902 ἐπει
769 843 787 918 ή
802 840 834 901 ού
848 844 960 919 Πέρσαι

157 953 201 986 τοι
214 929 301 988 αἴτιοί
312 933 374 1000 εῖσι,
390 930 451 1006 ἐμοὶ
462 931 566 990 πείθεο·
585 932 665 990 εἴποι
678 931 804 990 δέδοκται
817 929 858 1006 μή
871 955 959 1007 παρα-

156 1017 257 1092 μένειν,
279 1016 316 1075 σύ
334 1021 385 1094 μὲν
408 1023 435 1081 ἐς
457 1017 528 1094 ἤθεα
550 1019 586 1078 ταὶ
607 1023 730 1079 σεωυτοῦ
751 1019 890 1078 ἀπέλαυνε
911 1021 962 1094 τῆς

158 1111 292 1182 στρατιῆς
312 1105 426 1188 ἀπάγων
445 1107 479 1167 τά
500 1107 620 1167 πολλόν·
646 1111 694 1183 ε’μὲ
715 1107 746 1166 δέ
764 1133 812 1166 σοι
832 1106 887 1186 χρή
908 1107 960 1183 τήν

157 1191 284 1253 Ἑλλάδα
298 1199 456 1275 παρασχεῖν
473 1196 687 1272 δεδουλωμένην,
702 1195 851 1272 τριήκοντα
863 1194 959 1272 μυριά-

158 1280 207 1345 δας
221 1287 271 1342 τοῦ
290 1289 412 1361 στρατοῦ
429 1282 665 1362 ἀπολεξάμενον.”
705 1288 799 1343 Ταῦτα
818 1282 940 1348 ἀκούσας
950 1285 1005 1343 101

157 1371 263 1448 Ξέρξης
283 1373 318 1435 αῖς
331 1379 361 1432 ἐκ
375 1377 465 1433 κακῶν
479 1373 566 1452 ἐχάρη
584 1399 615 1432 τε
630 1374 676 1431 καὶ
689 1371 774 1449 ἥσθη·
796 1371 866 1450 πρός
880 1378 960 1450 Μαρ-

158 1458 249 1518 δόνιόν
262 1486 301 1530 τε,
317 1460 546 1538 βουλευσάμενος
565 1462 621 1537 ἔφη
640 1459 852 1538 ἀποκρινεῖσθαι
868 1460 960 1524 όκότε-

156 1572 206 1622 ρον
219 1549 333 1624 ποιήσει
346 1549 458 1610 τούτων·
481 1550 516 1613 οῖς
529 1551 558 1608 δὲ
572 1548 739 1625 ἐβουλεύετο
754 1549 812 1627 ἅμα
827 1552 961 1628 Περσέων

157 1639 233 1695 τοῖσι
252 1637 437 1713 ἐπικλήτοισι,
452 1637 529 1708 ἔδοξέ
545 1641 572 1696 οἱ
591 1639 637 1696 καὶ
654 1636 835 1715 Ἀρτεμισίην
849 1644 876 1702 ἐς
890 1665 960 1716 συμ-

157 1724 279 1800 βουλίην
305 1727 549 1804 μεταπέμψασθαι,
587 1725 630 1786 ὅτι
659 1726 794 1804 πρότερον
830 1727 960 1801 ἐφαίνετο

156 1810 246 1889 μούνη
271 1815 390 1874 νοέουσα
412 1815 448 1874 τά
471 1815 588 1890 ποιητέα
614 1813 658 1890 ἦν·
689 1813 724 1878 αῖς
748 1815 777 1873 δέ
802 1814 916 1874 ἀπίκετο
942 1814 962 1890 ή

157 1899 331 1978 Ἀρτεμισίη,
352 1902 601 1980 μεταστησάμενος
620 1901 685 1967 τούς
705 1902 819 1973 ἅλλους,
842 1902 907 1965 τούς
930 1929 961 1962 τε

82 1986 84 1990 ’
157 1989 341 2065 συμβούλους
364 1993 496 2067 Περσέων
523 1992 569 2050 καὶ
594 1991 658 2055 τούς
679 1990 859 2069 δορυφόρους,
885 1992 961 2060 ἔλεξε

157 2078 263 2154 Ξέρξης
273 2078 348 2138 τάδε·
363 2091 380 2114 “
390 2079 495 2139 κελεύει
505 2083 540 2157 μὲ
551 2079 716 2157 Μαρδόνιος,
732 2080 852 2157 μένοντα
866 2077 959 2148 αὐτοῦ,

157 2167 309 2243 πειρᾶσθαι
322 2173 372 2244 τῆς
383 2168 616 2244 Πελοποννήσου·
634 2170 724 2249 λέγων
737 2168 772 2231 ὥς
785 2194 834 2244 μοι
852 2169 960 2245 Πέρσαι

156 2281 188 2314 τε
211 2255 257 2314 καὶ
279 2255 294 2316 ό
315 2257 398 2328 πεζός
420 2255 541 2333 στρατός
566 2256 675 2320 ούδενός
696 2259 832 2334 μεταίτιοι
856 2257 960 2321 πόθεός

158 2347 222 2413 εἰσι,
244 2340 320 2406 ἀλλὰ
342 2345 548 2422 βουλομένοισί
569 2352 625 2420 σφι
643 2345 742 2426 γένοιτ’
766 2346 800 2406 ἂν
821 2345 959 2417 ἀπόδεξις.

157 2434 207 2506 ἐμὲ
220 2430 258 2491 ὧν
269 2430 288 2508 ἦ
301 2437 389 2493 ταῦτα
409 2433 514 2492 κελεύει
527 2435 639 2504 ποιέειν,
652 2432 671 2510 ἦ
686 2434 768 2498 αὐτός
782 2437 871 2496 ἐθέλει
884 2434 958 2512 τριή-

158 2545 242 2580 κοντα
262 2522 397 2599 μυριάδας
418 2521 626 2598 ἀπολεξάμενος
648 2527 699 2583 τοῦ
723 2528 846 2600 στρατοῦ
870 2549 957 2599 παρα-

157 2612 239 2687 σχεῖν
255 2636 304 2686 μοι
321 2610 373 2686 τήν
390 2610 517 2669 Ἑλλάδα
537 2611 752 2688 δεδουλωμένην·
775 2611 859 2670 αὐτόν
875 2611 906 2669 δέ
922 2637 957 2687 με

158 2696 264 2756 κελεύει
277 2697 442 2758 ἀπελαύνειν
455 2698 509 2758 σύν
522 2703 560 2777 τῷ
573 2703 663 2777 λοιπῷ
677 2703 789 2777 στρατῷ
803 2703 830 2761 ές
842 2697 912 2772 ἤθεα
924 2699 960 2758 τά

157 2785 219 2860 ε’μά.
262 2786 299 2845 σύ
320 2785 357 2846 ὧν
373 2787 443 2864 ἐμοὶ,
463 2787 508 2845 καὶ
525 2787 661 2868 γάρπερὶ
682 2791 732 2860 τῆς
753 2786 908 2864 ναυμαχίης
930 2784 960 2845 εῖν

157 2874 386 2950 συνεβούλευσας
401 2879 452 2951 τῆς
471 2876 620 2956 γενομένης
641 2873 691 2934 ούκ
713 2879 788 2934 ἐοῖσα
804 2874 959 2944 ποιέεσθαι,

156 2965 205 3022 νῦν
223 2988 255 3024 τε
279 2963 499 3040 συμβούλευσον
522 2963 637 3040 ὁκότερα
661 2959 761 3023 ποιέων
786 2961 906 3041 ἐπιτύχω
931 2959 961 3021 εὗ

156 3050 412 3128 βουλευσάμενος.”
445 3051 480 3111 ‘0
494 3054 545 3128 μὲν
561 3056 649 3110 ταῦτα
669 3050 899 3127 συνεβουλεύετο·
921 3051 1007 3126 ή102
1068 3073 1075 3086 ¹

157 3137 186 3196 δέ
206 3143 284 3221 λε’γει
305 3140 379 3198 τάδε·
410 3141 568 3214 “βασιλεῦ,
590 3137 717 3215 χαλεπόν
733 3139 785 3213 μέν
807 3143 868 3196 ἐστι
889 3163 959 3212 συμ-

156 3228 353 3306 βουλευομένῳ
371 3230 465 3304 τυχεῖν
482 3224 517 3284 τά
534 3224 636 3300 ἅριστα
653 3225 781 3284 εἴπασαν·
804 3226 849 3282 ἐπὶ
864 3225 959 3300 μέντοι

155 3317 233 3373 τοῖσι
252 3314 405 3387 κατήκουσι
422 3312 579 3391 πρήγμασι,
594 3310 682 3368 δοκέει
699 3335 749 3385 μοι
762 3309 846 3369 αύτάν
859 3311 911 3386 μέν
924 3335 959 3368 σε
