<?xml version="1.0" encoding="UTF-8"?>
<!DOCTYPE html PUBLIC "-//W3C//DTD XHTML 1.0 Transitional//EN"
    "http://www.w3.org/TR/xhtml1/DTD/xhtml1-transitional.dtd">
<html xmlns="http://www.w3.org/1999/xhtml" xml:lang="en" lang="en">
 <head>
  <title>
</title>
<meta http-equiv="Content-Type" content="text/html;charset=utf-8" />
  <meta name='ocr-system' content='tesseract 3.04.00' />
  <meta name='ocr-capabilities' content='ocr_page ocr_carea ocr_par ocr_line ocrx_word'/>
</head>
<body>
  <div class='ocr_page' id='page_1' title='image "./herodotusrecens00blakgoog_0140.png"; bbox 0 0 2276 3554; ppageno 0'>
   <div class='ocr_carea' id='block_1_1' title="bbox 56 130 975 3378">
    <p class='ocr_par' dir='ltr' id='par_1_1' title="bbox 170 130 971 467">
     <span class='ocr_line' id='line_1_1' title="bbox 174 130 968 196; baseline -0.001 -14"><span class='ocrx_word' id='word_1_1' title='bbox 174 132 221 182; x_wconf 79' lang='grc' dir='ltr'>ιω</span> <span class='ocrx_word' id='word_1_2' title='bbox 481 130 663 182; x_wconf 76' lang='grc' dir='ltr'>ωνοιουαυ</span> <span class='ocrx_word' id='word_1_3' title='bbox 890 131 968 196; x_wconf 81' lang='lat' dir='ltr'><strong>[vn.</strong></span> 
     </span>
     <span class='ocr_line' id='line_1_2' title="bbox 171 211 969 290; baseline 0.003 -18"><span class='ocrx_word' id='word_1_4' title='bbox 171 236 228 272; x_wconf 92' lang='grc' dir='ltr'>νον·</span> <span class='ocrx_word' id='word_1_5' title='bbox 250 212 277 272; x_wconf 75' lang='grc' dir='ltr'>οἳ</span> <span class='ocrx_word' id='word_1_6' title='bbox 297 211 445 289; x_wconf 79' lang='grc' dir='ltr'>διαβάντες</span> <span class='ocrx_word' id='word_1_7' title='bbox 463 217 491 276; x_wconf 83' lang='grc' dir='ltr'>ές</span> <span class='ocrx_word' id='word_1_8' title='bbox 506 211 559 288; x_wconf 88' lang='grc' dir='ltr'>τῆν</span> <span class='ocrx_word' id='word_1_9' title='bbox 570 211 708 290; x_wconf 77' lang='grc' dir='ltr'>Εὐρώπην</span> <span class='ocrx_word' id='word_1_10' title='bbox 722 211 792 271; x_wconf 79' lang='grc' dir='ltr'>κατά</span> <span class='ocrx_word' id='word_1_11' title='bbox 811 211 969 290; x_wconf 87' lang='grc' dir='ltr'>Βόσπορον,</span> 
     </span>
     <span class='ocr_line' id='line_1_3' title="bbox 171 299 971 379; baseline 0.001 -19"><span class='ocrx_word' id='word_1_12' title='bbox 171 300 235 364; x_wconf 83' lang='grc' dir='ltr'>τούς</span> <span class='ocrx_word' id='word_1_13' title='bbox 247 327 278 361; x_wconf 93' lang='grc' dir='ltr'>τε</span> <span class='ocrx_word' id='word_1_14' title='bbox 292 300 413 378; x_wconf 82' lang='grc' dir='ltr'>Θρήϊκας</span> <span class='ocrx_word' id='word_1_15' title='bbox 427 300 652 379; x_wconf 76' lang='grc' dir='ltr'>κατεστρέψαντο</span> <span class='ocrx_word' id='word_1_16' title='bbox 665 299 771 364; x_wconf 79' lang='grc' dir='ltr'>πάντας</span> <span class='ocrx_word' id='word_1_17' title='bbox 789 301 835 359; x_wconf 85' lang='grc' dir='ltr'>καὶ</span> <span class='ocrx_word' id='word_1_18' title='bbox 856 301 903 359; x_wconf 86' lang='grc' dir='ltr'>ε’πὶ</span> <span class='ocrx_word' id='word_1_19' title='bbox 921 301 971 361; x_wconf 86' lang='grc' dir='ltr'>τόν</span> 
     </span>
     <span class='ocr_line' id='line_1_4' title="bbox 170 387 971 467; baseline 0.001 -20"><span class='ocrx_word' id='word_1_20' title='bbox 170 387 270 450; x_wconf 88' lang='grc' dir='ltr'>Ἰόνιον</span> <span class='ocrx_word' id='word_1_21' title='bbox 287 387 391 448; x_wconf 81' lang='grc' dir='ltr'>πόντον</span> <span class='ocrx_word' id='word_1_22' title='bbox 409 390 581 464; x_wconf 87' lang='grc' dir='ltr'>κατέβησαν,</span> <span class='ocrx_word' id='word_1_23' title='bbox 595 389 679 467; x_wconf 87' lang='grc' dir='ltr'>μέχρι</span> <span class='ocrx_word' id='word_1_24' title='bbox 698 413 729 446; x_wconf 90' lang='grc' dir='ltr'>τε</span> <span class='ocrx_word' id='word_1_25' title='bbox 746 391 867 464; x_wconf 84' lang='grc' dir='ltr'>Πηνειοῦ</span> <span class='ocrx_word' id='word_1_26' title='bbox 886 415 971 448; x_wconf 89' lang='grc' dir='ltr'>ποτα·</span> 
     </span>
    </p>

    <p class='ocr_par' dir='ltr' id='par_1_2' title="bbox 56 473 971 1332">
     <span class='ocr_line' id='line_1_5' title="bbox 56 473 971 553; baseline 0.001 -20"><span class='ocrx_word' id='word_1_27' title='bbox 56 503 60 511; x_wconf 92' lang='grc'>·</span> <span class='ocrx_word' id='word_1_28' title='bbox 124 477 225 552; x_wconf 81' lang='grc' dir='ltr'>21μοῦ</span> <span class='ocrx_word' id='word_1_29' title='bbox 243 479 294 536; x_wconf 82' lang='grc' dir='ltr'>τοῦ</span> <span class='ocrx_word' id='word_1_30' title='bbox 311 475 383 553; x_wconf 78' lang='grc' dir='ltr'>πρός</span> <span class='ocrx_word' id='word_1_31' title='bbox 402 475 585 552; x_wconf 82' lang='grc' dir='ltr'>μεσαμβρίης</span> <span class='ocrx_word' id='word_1_32' title='bbox 602 473 724 551; x_wconf 81' lang='grc' dir='ltr'>ἤλασαν.</span> <span class='ocrx_word' id='word_1_33' title='bbox 760 473 850 534; x_wconf 73' lang='grc' dir='ltr'>Αὗται</span> <span class='ocrx_word' id='word_1_34' title='bbox 870 478 899 534; x_wconf 80' lang='grc' dir='ltr'>αἱ</span> <span class='ocrx_word' id='word_1_35' title='bbox 919 478 971 534; x_wconf 80' lang='grc' dir='ltr'>ποῖ-</span> 
     </span>
     <span class='ocr_line' id='line_1_6' title="bbox 171 561 970 643; baseline -0.003 -19"><span class='ocrx_word' id='word_1_36' title='bbox 171 589 229 635; x_wconf 91' lang='grc' dir='ltr'>σαι,</span> <span class='ocrx_word' id='word_1_37' title='bbox 241 564 287 623; x_wconf 86' lang='grc' dir='ltr'>καὶ</span> <span class='ocrx_word' id='word_1_38' title='bbox 301 563 357 624; x_wconf 72' lang='grc' dir='ltr'>οὐδ’</span> <span class='ocrx_word' id='word_1_39' title='bbox 371 568 394 623; x_wconf 84' lang='grc' dir='ltr'>εἶ</span> <span class='ocrx_word' id='word_1_40' title='bbox 408 564 499 641; x_wconf 77' lang='grc' dir='ltr'>ἕτεραι</span> <span class='ocrx_word' id='word_1_41' title='bbox 512 563 582 640; x_wconf 85' lang='grc' dir='ltr'>πρός</span> <span class='ocrx_word' id='word_1_42' title='bbox 594 562 714 640; x_wconf 74' lang='grc' dir='ltr'>ταύτῃσι</span> <span class='ocrx_word' id='word_1_43' title='bbox 727 561 872 643; x_wconf 80' lang='grc' dir='ltr'>γενόμεναι</span> <span class='ocrx_word' id='word_1_44' title='bbox 886 589 970 640; x_wconf 88' lang='grc' dir='ltr'>στρα-</span> 
     </span>
     <span class='ocr_line' id='line_1_7' title="bbox 170 649 971 733; baseline 0 -23"><span class='ocrx_word' id='word_1_45' title='bbox 170 654 314 727; x_wconf 89' lang='grc' dir='ltr'>τηλασίαι,</span> <span class='ocrx_word' id='word_1_46' title='bbox 328 655 394 728; x_wconf 83' lang='grc' dir='ltr'>μιῆς</span> <span class='ocrx_word' id='word_1_47' title='bbox 414 651 501 728; x_wconf 86' lang='grc' dir='ltr'>τῆσδε</span> <span class='ocrx_word' id='word_1_48' title='bbox 523 650 572 710; x_wconf 73' lang='grc' dir='ltr'>οὔκ</span> <span class='ocrx_word' id='word_1_49' title='bbox 591 651 603 672; x_wconf 81' lang='grc'><em>”</em></span> <span class='ocrx_word' id='word_1_50' title='bbox 622 677 670 709; x_wconf 86' lang='grc' dir='ltr'>υαι.</span> <span class='ocrx_word' id='word_1_51' title='bbox 712 651 742 709; x_wconf 92' lang='grc' dir='ltr'>τί</span> <span class='ocrx_word' id='word_1_52' title='bbox 751 650 806 730; x_wconf 81' lang='grc' dir='ltr'>γάρ</span> <span class='ocrx_word' id='word_1_53' title='bbox 820 649 870 710; x_wconf 79' lang='grc' dir='ltr'>οὐκ</span> <span class='ocrx_word' id='word_1_54' title='bbox 882 649 971 733; x_wconf 85' lang='grc' dir='ltr'>ῆγαγε</span> 
     </span>
     <span class='ocr_line' id='line_1_8' title="bbox 171 738 971 816; baseline 0.001 -18"><span class='ocrx_word' id='word_1_55' title='bbox 171 745 201 798; x_wconf 82' lang='grc' dir='ltr'>ἐκ</span> <span class='ocrx_word' id='word_1_56' title='bbox 213 744 264 816; x_wconf 86' lang='grc' dir='ltr'>τῆς</span> <span class='ocrx_word' id='word_1_57' title='bbox 283 740 383 816; x_wconf 82' lang='grc' dir='ltr'>Ἀσίης</span> <span class='ocrx_word' id='word_1_58' title='bbox 396 741 473 803; x_wconf 81' lang='grc' dir='ltr'>ἔθνος</span> <span class='ocrx_word' id='word_1_59' title='bbox 487 740 532 799; x_wconf 81' lang='grc' dir='ltr'>ἐπὶ</span> <span class='ocrx_word' id='word_1_60' title='bbox 545 738 597 815; x_wconf 81' lang='grc' dir='ltr'>τῆν</span> <span class='ocrx_word' id='word_1_61' title='bbox 610 738 737 798; x_wconf 72' lang='grc' dir='ltr'>Ἐλλάδα</span> <span class='ocrx_word' id='word_1_62' title='bbox 751 739 872 814; x_wconf 76' lang='grc' dir='ltr'>Ξέρξηςς</span> <span class='ocrx_word' id='word_1_63' title='bbox 895 743 971 799; x_wconf 83' lang='grc' dir='ltr'>κοῖον</span> 
     </span>
     <span class='ocr_line' id='line_1_9' title="bbox 170 825 970 906; baseline 0 -20"><span class='ocrx_word' id='word_1_64' title='bbox 170 829 200 886; x_wconf 82' lang='grc' dir='ltr'>δὲ</span> <span class='ocrx_word' id='word_1_65' title='bbox 213 828 360 906; x_wconf 88' lang='grc' dir='ltr'>πινόμενόν</span> <span class='ocrx_word' id='word_1_66' title='bbox 373 855 422 906; x_wconf 91' lang='grc' dir='ltr'>μιν</span> <span class='ocrx_word' id='word_1_67' title='bbox 434 827 506 904; x_wconf 83' lang='grc' dir='ltr'>ὕδωρ</span> <span class='ocrx_word' id='word_1_68' title='bbox 524 826 573 886; x_wconf 78' lang='grc' dir='ltr'>οὐκ</span> <span class='ocrx_word' id='word_1_69' title='bbox 592 827 716 896; x_wconf 82' lang='grc' dir='ltr'>ἐπέλιπε,</span> <span class='ocrx_word' id='word_1_70' title='bbox 730 825 807 901; x_wconf 77' lang='grc' dir='ltr'>πλήν</span> <span class='ocrx_word' id='word_1_71' title='bbox 819 829 874 886; x_wconf 79' lang='grc' dir='ltr'>τών</span> <span class='ocrx_word' id='word_1_72' title='bbox 886 827 970 906; x_wconf 87' lang='grc' dir='ltr'>μεγά-</span> 
     </span>
     <span class='ocr_line' id='line_1_10' title="bbox 170 915 971 998; baseline -0.001 -23"><span class='ocrx_word' id='word_1_73' title='bbox 170 921 227 976; x_wconf 86' lang='grc' dir='ltr'>λων</span> <span class='ocrx_word' id='word_1_74' title='bbox 248 922 397 995; x_wconf 78' lang='grc' dir='ltr'>ποταμῶν,</span> <span class='ocrx_word' id='word_1_75' title='bbox 420 920 447 976; x_wconf 84' lang='grc' dir='ltr'>οἱ</span> <span class='ocrx_word' id='word_1_76' title='bbox 467 919 519 993; x_wconf 80' lang='grc' dir='ltr'>μὲν</span> <span class='ocrx_word' id='word_1_77' title='bbox 538 915 593 998; x_wconf 82' lang='grc' dir='ltr'>γάρ</span> <span class='ocrx_word' id='word_1_78' title='bbox 615 916 677 978; x_wconf 89' lang='grc' dir='ltr'>νέας</span> <span class='ocrx_word' id='word_1_79' title='bbox 698 915 874 993; x_wconf 84' lang='grc' dir='ltr'>παρείχοντο,</span> <span class='ocrx_word' id='word_1_80' title='bbox 894 919 921 974; x_wconf 79' lang='grc' dir='ltr'>οἱ</span> <span class='ocrx_word' id='word_1_81' title='bbox 941 915 971 974; x_wconf 83' lang='grc' dir='ltr'>δὲ</span> 
     </span>
     <span class='ocr_line' id='line_1_11' title="bbox 171 1004 970 1085; baseline -0.004 -20"><span class='ocrx_word' id='word_1_82' title='bbox 171 1011 198 1068; x_wconf 85' lang='grc' dir='ltr'>ές</span> <span class='ocrx_word' id='word_1_83' title='bbox 218 1004 302 1078; x_wconf 86' lang='grc' dir='ltr'>πεζόν</span> <span class='ocrx_word' id='word_1_84' title='bbox 316 1005 474 1085; x_wconf 80' lang='grc' dir='ltr'>ἐτετάχατο·</span> <span class='ocrx_word' id='word_1_85' title='bbox 496 1008 574 1064; x_wconf 81' lang='grc' dir='ltr'>τοῖσι</span> <span class='ocrx_word' id='word_1_86' title='bbox 597 1004 627 1063; x_wconf 83' lang='grc' dir='ltr'>δὲ</span> <span class='ocrx_word' id='word_1_87' title='bbox 652 1004 736 1066; x_wconf 83' lang='grc' dir='ltr'>ἵππος</span> <span class='ocrx_word' id='word_1_88' title='bbox 754 1004 970 1080; x_wconf 82' lang='grc' dir='ltr'>προσετέτακτο,</span> 
     </span>
     <span class='ocr_line' id='line_1_12' title="bbox 170 1091 969 1176; baseline -0.003 -22"><span class='ocrx_word' id='word_1_89' title='bbox 170 1099 246 1154; x_wconf 88' lang='grc' dir='ltr'>τοῖσι</span> <span class='ocrx_word' id='word_1_90' title='bbox 276 1095 305 1154; x_wconf 79' lang='grc' dir='ltr'>δὲ</span> <span class='ocrx_word' id='word_1_91' title='bbox 337 1092 486 1176; x_wconf 79' lang='grc' dir='ltr'>ἱππαγωγά</span> <span class='ocrx_word' id='word_1_92' title='bbox 512 1097 600 1171; x_wconf 84' lang='grc' dir='ltr'>πλοῖα</span> <span class='ocrx_word' id='word_1_93' title='bbox 627 1091 686 1169; x_wconf 83' lang='grc' dir='ltr'>ἅμα</span> <span class='ocrx_word' id='word_1_94' title='bbox 713 1093 969 1170; x_wconf 78' lang='grc' dir='ltr'>στρατευομένοισι·</span> 
     </span>
     <span class='ocr_line' id='line_1_13' title="bbox 170 1181 970 1263; baseline -0.001 -22"><span class='ocrx_word' id='word_1_95' title='bbox 170 1185 247 1242; x_wconf 81' lang='grc' dir='ltr'>τοῖσι</span> <span class='ocrx_word' id='word_1_96' title='bbox 260 1183 289 1242; x_wconf 75' lang='grc' dir='ltr'>δέ</span> <span class='ocrx_word' id='word_1_97' title='bbox 303 1188 330 1246; x_wconf 82' lang='grc' dir='ltr'>ἒς</span> <span class='ocrx_word' id='word_1_98' title='bbox 342 1182 392 1244; x_wconf 83' lang='grc' dir='ltr'>τάς</span> <span class='ocrx_word' id='word_1_99' title='bbox 404 1181 529 1263; x_wconf 76' lang='grc' dir='ltr'>γεφύρας</span> <span class='ocrx_word' id='word_1_100' title='bbox 541 1181 649 1258; x_wconf 81' lang='grc' dir='ltr'>μακράς</span> <span class='ocrx_word' id='word_1_101' title='bbox 663 1181 725 1244; x_wconf 85' lang='grc' dir='ltr'>νέας</span> <span class='ocrx_word' id='word_1_102' title='bbox 741 1181 880 1260; x_wconf 89' lang='grc' dir='ltr'>παρέχειν,</span> <span class='ocrx_word' id='word_1_103' title='bbox 893 1185 970 1240; x_wconf 85' lang='grc' dir='ltr'>τοῖσι</span> 
     </span>
     <span class='ocr_line' id='line_1_14' title="bbox 171 1270 496 1332; baseline -0.006 -2"><span class='ocrx_word' id='word_1_104' title='bbox 171 1271 200 1330; x_wconf 80' lang='grc' dir='ltr'>δὲ</span> <span class='ocrx_word' id='word_1_105' title='bbox 221 1270 288 1330; x_wconf 84' lang='grc' dir='ltr'>σῖτά</span> <span class='ocrx_word' id='word_1_106' title='bbox 307 1297 337 1330; x_wconf 90' lang='grc' dir='ltr'>τε</span> <span class='ocrx_word' id='word_1_107' title='bbox 359 1271 404 1328; x_wconf 84' lang='grc' dir='ltr'>καὶ</span> <span class='ocrx_word' id='word_1_108' title='bbox 425 1271 496 1332; x_wconf 88' lang='grc' dir='ltr'>νέας.</span> 
     </span>
    </p>

    <p class='ocr_par' dir='ltr' id='par_1_3' title="bbox 123 1357 970 2232">
     <span class='ocr_line' id='line_1_15' title="bbox 123 1357 970 1435; baseline 0.001 -17"><span class='ocrx_word' id='word_1_109' title='bbox 123 1363 161 1418; x_wconf 79' lang='grc'>22</span> <span class='ocrx_word' id='word_1_110' title='bbox 212 1360 269 1418; x_wconf 88' lang='grc' dir='ltr'>Καὶ</span> <span class='ocrx_word' id='word_1_111' title='bbox 288 1361 444 1435; x_wconf 79' lang='grc' dir='ltr'>τοῦτομὲν,</span> <span class='ocrx_word' id='word_1_112' title='bbox 459 1357 494 1422; x_wconf 81' lang='grc' dir='ltr'>ὦς</span> <span class='ocrx_word' id='word_1_113' title='bbox 506 1357 760 1435; x_wconf 88' lang='grc' dir='ltr'>προσπταισάντων</span> <span class='ocrx_word' id='word_1_114' title='bbox 780 1362 834 1417; x_wconf 77' lang='grc' dir='ltr'>τῶν</span> <span class='ocrx_word' id='word_1_115' title='bbox 854 1358 970 1434; x_wconf 84' lang='grc' dir='ltr'>πρώτων</span> 
     </span>
     <span class='ocr_line' id='line_1_16' title="bbox 170 1445 970 1525; baseline 0 -19"><span class='ocrx_word' id='word_1_116' title='bbox 170 1446 376 1525; x_wconf 87' lang='grc' dir='ltr'>περιπλεόντων</span> <span class='ocrx_word' id='word_1_117' title='bbox 402 1447 466 1523; x_wconf 88' lang='grc' dir='ltr'>περὶ</span> <span class='ocrx_word' id='word_1_118' title='bbox 492 1446 541 1506; x_wconf 87' lang='grc' dir='ltr'>τόν</span> <span class='ocrx_word' id='word_1_119' title='bbox 563 1445 665 1514; x_wconf 78' lang='grc' dir='ltr'>Ἀθων,</span> <span class='ocrx_word' id='word_1_120' title='bbox 693 1445 910 1523; x_wconf 86' lang='grc' dir='ltr'>προετοιμάζετο</span> <span class='ocrx_word' id='word_1_121' title='bbox 939 1451 970 1506; x_wconf 79' lang='grc' dir='ltr'>ἐκ</span> 
     </span>
     <span class='ocr_line' id='line_1_17' title="bbox 169 1531 969 1614; baseline 0 -20"><span class='ocrx_word' id='word_1_122' title='bbox 169 1539 252 1612; x_wconf 83' lang='grc' dir='ltr'>τριῶν</span> <span class='ocrx_word' id='word_1_123' title='bbox 279 1535 359 1594; x_wconf 89' lang='grc' dir='ltr'>ε’τέων</span> <span class='ocrx_word' id='word_1_124' title='bbox 385 1560 434 1594; x_wconf 93' lang='grc' dir='ltr'>κου</span> <span class='ocrx_word' id='word_1_125' title='bbox 460 1533 588 1611; x_wconf 86' lang='grc' dir='ltr'>μάλιστα</span> <span class='ocrx_word' id='word_1_126' title='bbox 612 1538 639 1596; x_wconf 80' lang='grc' dir='ltr'>ἐς</span> <span class='ocrx_word' id='word_1_127' title='bbox 662 1532 711 1594; x_wconf 82' lang='grc' dir='ltr'>τόν</span> <span class='ocrx_word' id='word_1_128' title='bbox 729 1531 836 1594; x_wconf 80' lang='grc' dir='ltr'>Ἀθων·</span> <span class='ocrx_word' id='word_1_129' title='bbox 864 1539 893 1594; x_wconf 85' lang='grc' dir='ltr'>έν</span> <span class='ocrx_word' id='word_1_130' title='bbox 914 1534 969 1614; x_wconf 79' lang='grc' dir='ltr'>γάρ</span> 
     </span>
     <span class='ocr_line' id='line_1_18' title="bbox 170 1620 968 1700; baseline 0 -18"><span class='ocrx_word' id='word_1_131' title='bbox 170 1623 329 1684; x_wconf 84' lang='grc' dir='ltr'>Ἐλαιοῦντι</span> <span class='ocrx_word' id='word_1_132' title='bbox 351 1626 402 1698; x_wconf 80' lang='grc' dir='ltr'>τῆς</span> <span class='ocrx_word' id='word_1_133' title='bbox 425 1621 611 1700; x_wconf 70' lang='grc' dir='ltr'>Χερσονήσου</span> <span class='ocrx_word' id='word_1_134' title='bbox 636 1620 742 1699; x_wconf 83' lang='grc' dir='ltr'>ὥρμεον</span> <span class='ocrx_word' id='word_1_135' title='bbox 765 1621 898 1699; x_wconf 82' lang='grc' dir='ltr'>τριήρεες·</span> <span class='ocrx_word' id='word_1_136' title='bbox 929 1628 968 1682; x_wconf 82' lang='grc' dir='ltr'>ἐν·</span> 
     </span>
     <span class='ocr_line' id='line_1_19' title="bbox 170 1709 967 1789; baseline 0 -17"><span class='ocrx_word' id='word_1_137' title='bbox 170 1713 266 1772; x_wconf 80' lang='grc' dir='ltr'>θεΰτεν</span> <span class='ocrx_word' id='word_1_138' title='bbox 279 1712 308 1770; x_wconf 80' lang='grc' dir='ltr'>δὲ</span> <span class='ocrx_word' id='word_1_139' title='bbox 321 1710 498 1789; x_wconf 87' lang='grc' dir='ltr'>ὁρμεώμενοι,</span> <span class='ocrx_word' id='word_1_140' title='bbox 514 1709 643 1787; x_wconf 80' lang='grc' dir='ltr'>ὤρυσσον</span> <span class='ocrx_word' id='word_1_141' title='bbox 661 1709 715 1769; x_wconf 74' lang='grc' dir='ltr'>ὑπό</span> <span class='ocrx_word' id='word_1_142' title='bbox 736 1711 881 1789; x_wconf 87' lang='grc' dir='ltr'>μαστίγων</span> <span class='ocrx_word' id='word_1_143' title='bbox 901 1737 967 1772; x_wconf 85' lang='grc' dir='ltr'>ταν-</span> 
     </span>
     <span class='ocr_line' id='line_1_20' title="bbox 169 1797 968 1876; baseline -0.001 -16"><span class='ocrx_word' id='word_1_144' title='bbox 169 1801 287 1860; x_wconf 83' lang='grc' dir='ltr'>ποδαποὶ</span> <span class='ocrx_word' id='word_1_145' title='bbox 306 1803 356 1876; x_wconf 78' lang='grc' dir='ltr'>τῆς</span> <span class='ocrx_word' id='word_1_146' title='bbox 370 1803 512 1876; x_wconf 84' lang='grc' dir='ltr'>στρατιῆς·</span> <span class='ocrx_word' id='word_1_147' title='bbox 533 1799 658 1876; x_wconf 83' lang='grc' dir='ltr'>διάδοχοι</span> <span class='ocrx_word' id='word_1_148' title='bbox 674 1797 697 1856; x_wconf 91' lang='grc' dir='ltr'>δ’</span> <span class='ocrx_word' id='word_1_149' title='bbox 711 1797 838 1873; x_wconf 79' lang='grc' dir='ltr'>ἐφοίτων.</span> <span class='ocrx_word' id='word_1_150' title='bbox 881 1797 968 1875; x_wconf 87' lang='grc' dir='ltr'>ώρυσ-</span> 
     </span>
     <span class='ocr_line' id='line_1_21' title="bbox 170 1886 968 1964; baseline -0.001 -17"><span class='ocrx_word' id='word_1_151' title='bbox 170 1913 224 1949; x_wconf 89' lang='grc' dir='ltr'>σον</span> <span class='ocrx_word' id='word_1_152' title='bbox 238 1889 267 1948; x_wconf 79' lang='grc' dir='ltr'>δὲ</span> <span class='ocrx_word' id='word_1_153' title='bbox 281 1889 326 1946; x_wconf 87' lang='grc' dir='ltr'>καὶ</span> <span class='ocrx_word' id='word_1_154' title='bbox 340 1892 366 1947; x_wconf 80' lang='grc' dir='ltr'>οἱ</span> <span class='ocrx_word' id='word_1_155' title='bbox 379 1888 442 1964; x_wconf 85' lang='grc' dir='ltr'>περὶ</span> <span class='ocrx_word' id='word_1_156' title='bbox 455 1887 504 1947; x_wconf 82' lang='grc' dir='ltr'>τόν</span> <span class='ocrx_word' id='word_1_157' title='bbox 512 1886 605 1946; x_wconf 82' lang='grc' dir='ltr'>Ἀθων</span> <span class='ocrx_word' id='word_1_158' title='bbox 619 1887 821 1963; x_wconf 89' lang='grc' dir='ltr'>κατοικημένοι.</span> <span class='ocrx_word' id='word_1_159' title='bbox 856 1887 968 1961; x_wconf 83' lang='grc' dir='ltr'>Βουβά·</span> 
     </span>
     <span class='ocr_line' id='line_1_22' title="bbox 158 1972 967 2057; baseline -0.006 -18"><span class='ocrx_word' id='word_1_160' title='bbox 158 2003 219 2055; x_wconf 81' lang='grc' dir='ltr'>’ρης</span> <span class='ocrx_word' id='word_1_161' title='bbox 241 1977 270 2036; x_wconf 74' lang='grc' dir='ltr'>δὲ</span> <span class='ocrx_word' id='word_1_162' title='bbox 290 1977 306 2036; x_wconf 84' lang='grc' dir='ltr'>ό</span> <span class='ocrx_word' id='word_1_163' title='bbox 328 1975 510 2057; x_wconf 76' lang='grc' dir='ltr'>Μεγαβάζου,</span> <span class='ocrx_word' id='word_1_164' title='bbox 534 1975 580 2033; x_wconf 81' lang='grc' dir='ltr'>καὶ</span> <span class='ocrx_word' id='word_1_165' title='bbox 600 1973 770 2053; x_wconf 85' lang='grc' dir='ltr'>Ἀρταχαίης</span> <span class='ocrx_word' id='word_1_166' title='bbox 792 1973 808 2032; x_wconf 84' lang='grc' dir='ltr'>ό</span> <span class='ocrx_word' id='word_1_167' title='bbox 829 1972 967 2050; x_wconf 81' lang='grc' dir='ltr'>Ἀρταίου,</span> 
     </span>
     <span class='ocr_line' id='line_1_23' title="bbox 169 2060 970 2144; baseline -0.005 -19"><span class='ocrx_word' id='word_1_168' title='bbox 169 2064 264 2142; x_wconf 79' lang='grc' dir='ltr'>ἄνδρες</span> <span class='ocrx_word' id='word_1_169' title='bbox 273 2065 392 2142; x_wconf 86' lang='grc' dir='ltr'>Πέρσαι,</span> <span class='ocrx_word' id='word_1_170' title='bbox 406 2062 574 2122; x_wconf 84' lang='grc' dir='ltr'>ἐπεστάτεον</span> <span class='ocrx_word' id='word_1_171' title='bbox 587 2065 637 2122; x_wconf 80' lang='grc' dir='ltr'>τοῦ</span> <span class='ocrx_word' id='word_1_172' title='bbox 652 2063 742 2144; x_wconf 80' lang='grc' dir='ltr'>ἔργου.</span> <span class='ocrx_word' id='word_1_173' title='bbox 785 2060 800 2120; x_wconf 88' lang='grc' dir='ltr'>ό</span> <span class='ocrx_word' id='word_1_174' title='bbox 813 2062 868 2142; x_wconf 81' lang='grc' dir='ltr'>γάρ</span> <span class='ocrx_word' id='word_1_175' title='bbox 877 2061 970 2127; x_wconf 81' lang='grc' dir='ltr'>Ἀθως</span> 
     </span>
     <span class='ocr_line' id='line_1_24' title="bbox 170 2143 970 2232; baseline 0 -20"><span class='ocrx_word' id='word_1_176' title='bbox 170 2155 232 2213; x_wconf 83' lang='grc' dir='ltr'>ἐστὶ</span> <span class='ocrx_word' id='word_1_177' title='bbox 255 2152 319 2229; x_wconf 83' lang='grc' dir='ltr'>ὄρος</span> <span class='ocrx_word' id='word_1_178' title='bbox 341 2143 421 2232; x_wconf 81' lang='grc' dir='ltr'>μέγα</span> <span class='ocrx_word' id='word_1_179' title='bbox 436 2177 467 2210; x_wconf 89' lang='grc' dir='ltr'>τε</span> <span class='ocrx_word' id='word_1_180' title='bbox 490 2151 536 2209; x_wconf 87' lang='grc' dir='ltr'>καὶ</span> <span class='ocrx_word' id='word_1_181' title='bbox 555 2149 741 2227; x_wconf 77' lang='grc' dir='ltr'>οὕνομαστόν,</span> <span class='ocrx_word' id='word_1_182' title='bbox 767 2154 793 2212; x_wconf 84' lang='grc' dir='ltr'>ἐς</span> <span class='ocrx_word' id='word_1_183' title='bbox 818 2149 970 2212; x_wconf 89' lang='grc' dir='ltr'>θάλασσαν</span> 
     </span>
    </p>

    <p class='ocr_par' dir='ltr' id='par_1_4' title="bbox 98 2237 972 3110">
     <span class='ocr_line' id='line_1_25' title="bbox 98 2237 970 2320; baseline 0 -20"><span class='ocrx_word' id='word_1_184' title='bbox 98 2281 101 2287; x_wconf 79' lang='lat'><em>,</em></span> <span class='ocrx_word' id='word_1_185' title='bbox 172 2246 299 2317; x_wconf 86' lang='grc' dir='ltr'>κατῆκον,</span> <span class='ocrx_word' id='word_1_186' title='bbox 323 2240 468 2315; x_wconf 78' lang='grc' dir='ltr'>οἰκημένον</span> <span class='ocrx_word' id='word_1_187' title='bbox 489 2239 543 2299; x_wconf 81' lang='grc' dir='ltr'>ὑπό</span> <span class='ocrx_word' id='word_1_188' title='bbox 567 2238 727 2316; x_wconf 75' lang='grc' dir='ltr'>ἀνθρώπων·</span> <span class='ocrx_word' id='word_1_189' title='bbox 748 2242 784 2316; x_wconf 84' lang='grc' dir='ltr'>πῆ</span> <span class='ocrx_word' id='word_1_190' title='bbox 802 2237 832 2296; x_wconf 80' lang='grc' dir='ltr'>δέ</span> <span class='ocrx_word' id='word_1_191' title='bbox 853 2243 970 2320; x_wconf 74' lang='grc' dir='ltr'>τελευτᾷ</span> 
     </span>
     <span class='ocr_line' id='line_1_26' title="bbox 170 2325 970 2406; baseline -0.001 -18"><span class='ocrx_word' id='word_1_192' title='bbox 170 2334 197 2392; x_wconf 82' lang='grc' dir='ltr'>ἐς</span> <span class='ocrx_word' id='word_1_193' title='bbox 209 2328 261 2404; x_wconf 85' lang='grc' dir='ltr'>τῆν</span> <span class='ocrx_word' id='word_1_194' title='bbox 277 2327 392 2405; x_wconf 85' lang='grc' dir='ltr'>ἤπειρον</span> <span class='ocrx_word' id='word_1_195' title='bbox 404 2327 437 2387; x_wconf 82' lang='grc' dir='ltr'>τό</span> <span class='ocrx_word' id='word_1_196' title='bbox 452 2326 523 2405; x_wconf 86' lang='grc' dir='ltr'>ὄρος,</span> <span class='ocrx_word' id='word_1_197' title='bbox 537 2325 768 2406; x_wconf 88' lang='grc' dir='ltr'>χερσονησοειδές</span> <span class='ocrx_word' id='word_1_198' title='bbox 788 2327 821 2384; x_wconf 90' lang='grc' dir='ltr'>τέ</span> <span class='ocrx_word' id='word_1_199' title='bbox 840 2330 902 2386; x_wconf 81' lang='grc' dir='ltr'>ἔστι</span> <span class='ocrx_word' id='word_1_200' title='bbox 923 2329 970 2387; x_wconf 88' lang='grc' dir='ltr'>καὶ</span> 
     </span>
     <span class='ocr_line' id='line_1_27' title="bbox 171 2414 970 2493; baseline 0 -17"><span class='ocrx_word' id='word_1_201' title='bbox 171 2416 272 2493; x_wconf 83' lang='grc' dir='ltr'>ἰσθμός</span> <span class='ocrx_word' id='word_1_202' title='bbox 287 2416 321 2478; x_wconf 82' lang='grc' dir='ltr'>ώς</span> <span class='ocrx_word' id='word_1_203' title='bbox 335 2414 438 2474; x_wconf 88' lang='grc' dir='ltr'>δώδεκα</span> <span class='ocrx_word' id='word_1_204' title='bbox 454 2416 583 2476; x_wconf 88' lang='grc' dir='ltr'>σταδίων·</span> <span class='ocrx_word' id='word_1_205' title='bbox 605 2415 700 2474; x_wconf 89' lang='grc' dir='ltr'>πεδίον</span> <span class='ocrx_word' id='word_1_206' title='bbox 720 2415 749 2473; x_wconf 79' lang='grc' dir='ltr'>δὲ</span> <span class='ocrx_word' id='word_1_207' title='bbox 767 2417 850 2474; x_wconf 84' lang='grc' dir='ltr'>τοῦτο</span> <span class='ocrx_word' id='word_1_208' title='bbox 865 2416 911 2474; x_wconf 90' lang='grc' dir='ltr'>καὶ</span> <span class='ocrx_word' id='word_1_209' title='bbox 926 2425 970 2476; x_wconf 90' lang='grc' dir='ltr'>κο·</span> 
     </span>
     <span class='ocr_line' id='line_1_28' title="bbox 170 2501 971 2586; baseline -0.001 -23"><span class='ocrx_word' id='word_1_210' title='bbox 170 2505 254 2564; x_wconf 89' lang='grc' dir='ltr'>λωνοὶ</span> <span class='ocrx_word' id='word_1_211' title='bbox 272 2503 304 2563; x_wconf 77' lang='grc' dir='ltr'>οὗ</span> <span class='ocrx_word' id='word_1_212' title='bbox 323 2503 443 2586; x_wconf 87' lang='grc' dir='ltr'>μεγάλοι</span> <span class='ocrx_word' id='word_1_213' title='bbox 464 2509 494 2562; x_wconf 80' lang='grc' dir='ltr'>ἐκ</span> <span class='ocrx_word' id='word_1_214' title='bbox 516 2503 666 2578; x_wconf 84' lang='grc' dir='ltr'>θαλάσσης</span> <span class='ocrx_word' id='word_1_215' title='bbox 682 2507 732 2578; x_wconf 80' lang='grc' dir='ltr'>τῆς</span> <span class='ocrx_word' id='word_1_216' title='bbox 751 2501 904 2563; x_wconf 84' lang='grc' dir='ltr'>Ἀκανθίων</span> <span class='ocrx_word' id='word_1_217' title='bbox 926 2505 971 2564; x_wconf 83' lang='grc' dir='ltr'>έπὶ</span> 
     </span>
     <span class='ocr_line' id='line_1_29' title="bbox 170 2591 972 2672; baseline -0.001 -19"><span class='ocrx_word' id='word_1_218' title='bbox 170 2593 321 2653; x_wconf 89' lang='grc' dir='ltr'>θάλασσαν</span> <span class='ocrx_word' id='word_1_219' title='bbox 346 2592 398 2669; x_wconf 86' lang='grc' dir='ltr'>τῆν</span> <span class='ocrx_word' id='word_1_220' title='bbox 421 2592 515 2652; x_wconf 87' lang='grc' dir='ltr'>άντίον</span> <span class='ocrx_word' id='word_1_221' title='bbox 539 2592 680 2668; x_wconf 82' lang='grc' dir='ltr'>Τορώνης·</span> <span class='ocrx_word' id='word_1_222' title='bbox 710 2597 739 2651; x_wconf 80' lang='grc' dir='ltr'>ἐν</span> <span class='ocrx_word' id='word_1_223' title='bbox 763 2591 793 2652; x_wconf 73' lang='grc' dir='ltr'>δὲ</span> <span class='ocrx_word' id='word_1_224' title='bbox 816 2595 855 2670; x_wconf 78' lang='grc' dir='ltr'>τῷ</span> <span class='ocrx_word' id='word_1_225' title='bbox 879 2593 972 2672; x_wconf 81' lang='grc' dir='ltr'>ἰσθμῷ</span> 
     </span>
     <span class='ocr_line' id='line_1_30' title="bbox 169 2679 972 2760; baseline 0.005 -20"><span class='ocrx_word' id='word_1_226' title='bbox 169 2681 265 2760; x_wconf 76' lang='grc' dir='ltr'>τούτῳ,</span> <span class='ocrx_word' id='word_1_227' title='bbox 282 2686 310 2744; x_wconf 79' lang='grc' dir='ltr'>ές</span> <span class='ocrx_word' id='word_1_228' title='bbox 326 2680 376 2740; x_wconf 81' lang='grc' dir='ltr'>τόν</span> <span class='ocrx_word' id='word_1_229' title='bbox 388 2684 505 2760; x_wconf 83' lang='grc' dir='ltr'>τελευτᾴ</span> <span class='ocrx_word' id='word_1_230' title='bbox 527 2679 655 2750; x_wconf 80' lang='grc' dir='ltr'>όἈθως,</span> <span class='ocrx_word' id='word_1_231' title='bbox 670 2679 746 2756; x_wconf 75' lang='grc' dir='ltr'>Σάνη</span> <span class='ocrx_word' id='word_1_232' title='bbox 761 2679 845 2743; x_wconf 87' lang='grc' dir='ltr'>πόλις</span> <span class='ocrx_word' id='word_1_233' title='bbox 865 2679 972 2744; x_wconf 81' lang='grc' dir='ltr'>Ἑλλάς</span> 
     </span>
     <span class='ocr_line' id='line_1_31' title="bbox 170 2767 970 2846; baseline -0.003 -17"><span class='ocrx_word' id='word_1_234' title='bbox 170 2771 287 2846; x_wconf 83' lang='grc' dir='ltr'>οἴκηται·</span> <span class='ocrx_word' id='word_1_235' title='bbox 308 2773 337 2828; x_wconf 87' lang='grc' dir='ltr'>αἱ</span> <span class='ocrx_word' id='word_1_236' title='bbox 351 2769 380 2828; x_wconf 77' lang='grc' dir='ltr'>δὲ</span> <span class='ocrx_word' id='word_1_237' title='bbox 394 2769 471 2832; x_wconf 77' lang='grc' dir='ltr'>ἐντός</span> <span class='ocrx_word' id='word_1_238' title='bbox 485 2768 575 2844; x_wconf 72' lang='grc' dir='ltr'>Σάνης</span> <span class='ocrx_word' id='word_1_239' title='bbox 589 2769 644 2828; x_wconf 78' lang='grc' dir='ltr'>ἔσω</span> <span class='ocrx_word' id='word_1_240' title='bbox 658 2769 687 2827; x_wconf 80' lang='grc' dir='ltr'>δὲ</span> <span class='ocrx_word' id='word_1_241' title='bbox 700 2772 750 2828; x_wconf 81' lang='grc' dir='ltr'>τοῦ</span> <span class='ocrx_word' id='word_1_242' title='bbox 766 2767 845 2828; x_wconf 80' lang='grc' dir='ltr'>Ἀθω</span> <span class='ocrx_word' id='word_1_243' title='bbox 862 2770 970 2845; x_wconf 80' lang='grc' dir='ltr'>οἰκημέ-</span> 
     </span>
     <span class='ocr_line' id='line_1_32' title="bbox 170 2856 919 2936; baseline 0 -18"><span class='ocrx_word' id='word_1_244' title='bbox 170 2884 223 2928; x_wconf 89' lang='grc' dir='ltr'>ναι,</span> <span class='ocrx_word' id='word_1_245' title='bbox 236 2858 287 2922; x_wconf 83' lang='grc' dir='ltr'>τάς</span> <span class='ocrx_word' id='word_1_246' title='bbox 298 2857 362 2918; x_wconf 89' lang='grc' dir='ltr'>τότε</span> <span class='ocrx_word' id='word_1_247' title='bbox 376 2858 392 2918; x_wconf 82' lang='grc' dir='ltr'>ὁ</span> <span class='ocrx_word' id='word_1_248' title='bbox 403 2859 518 2936; x_wconf 89' lang='grc' dir='ltr'>Πέρσης</span> <span class='ocrx_word' id='word_1_249' title='bbox 532 2857 696 2933; x_wconf 79' lang='grc' dir='ltr'>νησιώτιδας</span> <span class='ocrx_word' id='word_1_250' title='bbox 711 2856 772 2917; x_wconf 76' lang='grc' dir='ltr'>ἀντὶ</span> <span class='ocrx_word' id='word_1_251' title='bbox 785 2856 919 2934; x_wconf 83' lang='grc' dir='ltr'>ήπειρωτί</span> 
     </span>
     <span class='ocr_line' id='line_1_33' title="bbox 170 2944 971 3024; baseline 0.002 -20"><span class='ocrx_word' id='word_1_252' title='bbox 170 2945 280 3024; x_wconf 79' lang='grc' dir='ltr'>ὥρμητο</span> <span class='ocrx_word' id='word_1_253' title='bbox 289 2947 399 3016; x_wconf 91' lang='grc' dir='ltr'>ποιέειν,</span> <span class='ocrx_word' id='word_1_254' title='bbox 404 2947 459 3006; x_wconf 87' lang='grc' dir='ltr'>εἶσὶ</span> <span class='ocrx_word' id='word_1_255' title='bbox 467 2947 536 3006; x_wconf 76' lang='grc' dir='ltr'>αἵδε·</span> <span class='ocrx_word' id='word_1_256' title='bbox 546 2944 971 3022; x_wconf 80' lang='grc' dir='ltr'>Δῖον,Ὀλόφυξος,Ἀκράθωον,</span> 
     </span>
     <span class='ocr_line' id='line_1_34' title="bbox 169 3032 972 3110; baseline -0.001 -16"><span class='ocrx_word' id='word_1_257' title='bbox 169 3034 292 3104; x_wconf 81' lang='grc' dir='ltr'>Θύσσος,</span> <span class='ocrx_word' id='word_1_258' title='bbox 304 3035 441 3094; x_wconf 88' lang='grc' dir='ltr'>Κλεωναί·</span> <span class='ocrx_word' id='word_1_259' title='bbox 462 3035 545 3097; x_wconf 88' lang='grc' dir='ltr'>πόλις</span> <span class='ocrx_word' id='word_1_260' title='bbox 558 3036 610 3110; x_wconf 79' lang='grc' dir='ltr'>μὲν</span> <span class='ocrx_word' id='word_1_261' title='bbox 620 3032 710 3104; x_wconf 80' lang='grc' dir='ltr'>αὗται,</span> <span class='ocrx_word' id='word_1_262' title='bbox 722 3033 751 3092; x_wconf 81' lang='grc' dir='ltr'>αἳ</span> <span class='ocrx_word' id='word_1_263' title='bbox 763 3033 813 3094; x_wconf 82' lang='grc' dir='ltr'>τόν</span> <span class='ocrx_word' id='word_1_264' title='bbox 827 3032 916 3094; x_wconf 85' lang='grc' dir='ltr'>Ἀθων</span> <span class='ocrx_word' id='word_1_265' title='bbox 930 3034 972 3094; x_wconf 88' lang='grc' dir='ltr'>νέ-</span> 
     </span>
    </p>

    <p class='ocr_par' dir='ltr' id='par_1_5' title="bbox 123 3119 975 3378">
     <span class='ocr_line' id='line_1_35' title="bbox 123 3119 973 3202; baseline 0.004 -22"><span class='ocrx_word' id='word_1_266' title='bbox 123 3125 161 3180; x_wconf 83' lang='grc'>23</span> <span class='ocrx_word' id='word_1_267' title='bbox 172 3147 280 3198; x_wconf 84' lang='grc' dir='ltr'>μονται.</span> <span class='ocrx_word' id='word_1_268' title='bbox 316 3122 464 3200; x_wconf 86' lang='grc' dir='ltr'>Ὦροσσον</span> <span class='ocrx_word' id='word_1_269' title='bbox 477 3123 506 3180; x_wconf 80' lang='grc' dir='ltr'>δὲ</span> <span class='ocrx_word' id='word_1_270' title='bbox 521 3119 581 3180; x_wconf 84' lang='grc' dir='ltr'>ὦδε·</span> <span class='ocrx_word' id='word_1_271' title='bbox 604 3122 757 3199; x_wconf 87' lang='grc' dir='ltr'>δασάμενοι</span> <span class='ocrx_word' id='word_1_272' title='bbox 773 3122 823 3184; x_wconf 86' lang='grc' dir='ltr'>τόν</span> <span class='ocrx_word' id='word_1_273' title='bbox 836 3127 929 3202; x_wconf 85' lang='grc' dir='ltr'>χῶρον</span> <span class='ocrx_word' id='word_1_274' title='bbox 946 3127 973 3183; x_wconf 78' lang='grc' dir='ltr'>οἱ</span> 
     </span>
     <span class='ocr_line' id='line_1_36' title="bbox 170 3209 974 3292; baseline 0.007 -26"><span class='ocrx_word' id='word_1_275' title='bbox 170 3209 317 3285; x_wconf 90' lang='grc' dir='ltr'>βάρβαροι</span> <span class='ocrx_word' id='word_1_276' title='bbox 331 3209 401 3269; x_wconf 82' lang='grc' dir='ltr'>κατά</span> <span class='ocrx_word' id='word_1_277' title='bbox 416 3211 502 3278; x_wconf 80' lang='grc' dir='ltr'>ἔθνεα,</span> <span class='ocrx_word' id='word_1_278' title='bbox 513 3209 582 3268; x_wconf 81' lang='grc' dir='ltr'>κατά</span> <span class='ocrx_word' id='word_1_279' title='bbox 590 3210 684 3287; x_wconf 77' lang='grc' dir='ltr'>Σάνην</span> <span class='ocrx_word' id='word_1_280' title='bbox 697 3211 783 3272; x_wconf 90' lang='grc' dir='ltr'>πόλιν</span> <span class='ocrx_word' id='word_1_281' title='bbox 797 3215 974 3292; x_wconf 76' lang='grc' dir='ltr'>σχοινοτενὲς</span> 
     </span>
     <span class='ocr_line' id='line_1_37' title="bbox 170 3297 975 3378; baseline 0.009 -24"><span class='ocrx_word' id='word_1_282' title='bbox 170 3297 365 3371; x_wconf 88' lang='grc' dir='ltr'>ποιησάμενοι·</span> <span class='ocrx_word' id='word_1_283' title='bbox 387 3299 446 3356; x_wconf 88' lang='grc' dir='ltr'>ε’πεὶ</span> <span class='ocrx_word' id='word_1_284' title='bbox 468 3297 498 3356; x_wconf 85' lang='grc' dir='ltr'>δὲ</span> <span class='ocrx_word' id='word_1_285' title='bbox 520 3299 627 3378; x_wconf 84' lang='grc' dir='ltr'>ἐγένετο</span> <span class='ocrx_word' id='word_1_286' title='bbox 648 3301 753 3374; x_wconf 88' lang='grc' dir='ltr'>βαθεῖα</span> <span class='ocrx_word' id='word_1_287' title='bbox 776 3299 793 3376; x_wconf 92' lang='grc' dir='ltr'>ῆ</span> <span class='ocrx_word' id='word_1_288' title='bbox 815 3299 923 3377; x_wconf 79' lang='grc' dir='ltr'>διώρυξ,</span> <span class='ocrx_word' id='word_1_289' title='bbox 947 3305 975 3361; x_wconf 84' lang='grc' dir='ltr'>οἶ</span> 
     </span>
    </p>
   </div>
   <div class='ocr_carea' id='block_1_2' title="bbox 0 0 1143 3554">
    <p class='ocr_par' dir='ltr' id='par_1_6' title="bbox 0 0 1143 3554">
     <span class='ocr_line' id='line_1_38' title="bbox 0 0 1143 3554; baseline 0 0"><span class='ocrx_word' id='word_1_290' title='bbox 0 0 1143 3554; x_wconf 95' lang='lat' dir='ltr'> </span> 
     </span>
    </p>
   </div>
  </div>
 </body>
</html>
