2250 3552
170 146 219 194 ιιι
475 143 660 192 Ἧοοιοτου
908 145 970 208 [ιιι.

172 224 261 300 φόνου
284 229 334 284 τοῦ
361 223 511 294 Λεωνίδεω,
536 223 607 282 κατὰ
633 222 666 282 τδ
692 224 873 335 χρηστήριον,
896 230 974 285 τοῖσι

172 312 400 390 Σπαρτιήτῃσι’
387 339 417 371 εκ
439 311 600 390 Μαρδονίου
627 312 793 372 ἐπιτελέετο·
825 312 872 371 καὶ
895 313 975 389 νίκην

169 399 323 512 ἀναιρέεται
337 399 527 476 καλλίστην
509 401 641 460 απασέων
654 404 709 460 τῶν
718 399 798 477 ἡμεῖς
808 401 886 478 ἴδμεν
896 407 974 460 Παυ-

169 491 268 565 σανίης
288 517 304 548 ο
296 487 537 566 Κλεομβρότου
557 493 607 549 τοῦ
627 487 853 565 Ἀναξανδρίδεω·
873 489 975 549 τῶνδὲ

467 575 654 598 ΙλῖΙ

170 576 367 654 xar6mp06‘
341 602 368 636 οι
383 601 529 685 προγονων
540 601 576 636 πα
590 602 730 653 ουνομαπα
741 603 846 654 ειρηται
860 582 887 640 ἐς
899 583 974 638 Λεω-

169 664 297 741 νίδηνμ
277 664 360 724 ωυτοὶ
379 663 434 746 γάρ
455 670 511 740 σφι
531 664 704 745 τυγχάνουσι
718 664 816 728 ἐόντες.
851 663 973 742 ἀποθνή-

372 751 380 773 Ι
453 750 514 773 ευ

169 779 232 813 σκει
241 753 270 812 δέ
279 753 499 831 Μαρδονιοςυπο
515 751 702 829 Αειμνήστου,
711 751 809 830 άνδρδς
818 757 846 812 ἐν
856 753 974 832 Σπάρτη

170 840 359 923 λογίμου·ος
377 840 468 920 χρόνῳ
486 839 605 918 ὕστερον
625 866 696 918 μετα
713 866 750 900 τα
740 839 884 917 Μηδικά
904 833 975 920 ἔχων

169 929 271 1008 ἄνδρας
283 930 459 1008 τριηκοσίους
479 929 649 1005 συνέβαλε’
637 955 666 989 εν
683 928 874 1008 Στενυκλήρῳ,
888 933 974 990 πολέ-

170 1045 225 1096 μου
239 1018 338 1091 ἐόντος,
355 1017 549 1094 Μεσσηνίοισι
559 1021 642 1076 τοῖσι·
660 1018 706 1076 καὶ
720 1015 802 1080 αὐτός
811 1042 842 1076 τε
852 1017 975 1078 ἀπέθανε

123 1109 215 1164 65
171 1133 217 1166 και
235 1111 262 1166 οἱ
279 1105 445 1184 τριηκόσιοι.
486 1103 536 1165 Ἐν
549 1105 579 1164 δὲ
592 1107 796 1184 Πλαταιῇσι“
771 1131 798 1164 οι
812 1105 959 1182 Πέρσαι
939 1133 975 1170 ως

170 1196 322 1273 ἐτράποντο
341 1193 396 1254 υπδ
413 1197 468 1254 τῶν
489 1193 722 1269 Λακεδαιμονίων,
740 1193 859 1274 ἔφευγον
876 1193 974 1254 ουδένα

170 1284 278 1361 κόσμον
302 1289 329 1347 ἐς
350 1283 384 1342 τό
408 1281 599 1359 στρατόπεδον
621 1281 654 1341 τὰ
681 1285 792 1354 ἑωυτῶν,
819 1283 865 1340 καὶ
889 1287 916 1345 ἐς
939 1283 972 1342 τά

169 1377 261 1451 τεῖχος
278 1399 311 1432 το
303 1369 501 1441 ζτίλινον
467 1397 501 1430 το
524 1370 694 1446 ἐποιήσαντο
712 1375 740 1430 ἐν
757 1370 842 1448 μοίρῃ
862 1397 899 1448 τη
885 1375 970 1446 Θη-

169 1461 258 1537 βαίδι
300 1459 432 1536 θῶμαδ’
418 1486 430 1518 ε
449 1485 499 1536 μοι
516 1459 593 1527 ὅκως,
610 1485 686 1534 παρα
703 1485 752 1565 της
774 1457 924 1534 Δήμητρος
939 1459 972 1518 τό

169 1547 259 1611 ὅλσας
272 1549 446 1627 μαχομένων,
462 1547 564 1606 ουδέ’
539 1574 577 1610 εις
591 1547 732 1623 ἐφάνη
693 1573 748 1606 των
763 1545 942 1622 Περσέων
910 1573 973 1606 ουτε

170 1637 294 1696 έσελθολν
313 1641 340 1700 ἐς
357 1636 390 1696 τδ
408 1637 521 1712 τέμενος
536 1634 599 1695 οὔτε
613 1633 798 1695 ἐναποθανών·
819 1635 886 1712 περί
896 1661 927 1695 τε
939 1634 972 1694 τδ

170 1725 230 1802 ἶρδν
247 1728 273 1784 οἱ
289 1728 421 1784 πλεῖστοι
436 1729 465 1783 ἐν
477 1728 516 1803 τῷ
528 1723 650 1802 βεβήλῳ
665 1725 776 1782 ἔπεσον·
798 1723 883 1782 δοκέω
897 1723 934 1793 δὲ,
949 1723 975 1781 εἶ

169 1841 197 1875 τι
217 1816 281 1893 περὶ
301 1818 356 1875 τῶν
379 1815 458 1874 θείων
479 1813 651 1895 πρηγμάτων
670 1813 774 1872 δοκέειν
798 1811 846 1883 δεῖ,
871 1812 890 1887 ἦ
911 1811 973 1874 θεὸς

169 1903 240 1981 αὐτή
258 1911 350 1980 σφεας
368 1902 418 1963 οὐκ
435 1903 555 1972 ἐδέξατο,
575 1901 775 1978 ἐμπρήσαντας
788 1899 821 1959 τδ
836 1905 864 1959 ἐν
877 1899 973 1959 Ἑλευὲ

170 1998 228 2052 σῖνι
241 1991 415 2070 άνακτόριον.
457 1989 527 2066 αὕτη
540 1991 592 2067 μέν
605 2016 654 2050 νυν
667 1989 685 2066 ἡ
699 1989 779 2067 μάχη
793 1987 838 2046 ἐπὶ
850 1992 974 2048 τοσοῦτο

170 2083 289 2162 ἐγένετο.

123 2171 159 2228 66
209 2168 386 2246 Ἀρτάβαζος
396 2168 425 2227 δέ
436 2167 451 2227 6
462 2165 619 2244 Φαρνάκεος
628 2165 727 2225 αὐτίκα
736 2191 767 2224 τε
778 2165 828 2225 οὐκ
838 2165 974 2241 άρέσκετο

170 2257 229 2316 κατ’
240 2256 328 2334 ἀρχάς
338 2257 505 2332 λειπομένου
520 2251 712 2401 Μαρδονίου
694 2279 751 2312 απο
743 2252 913 2330 βασιλέος,
928 2254 974 2312 καὶ

170 2343 233 2404 τότε
246 2344 343 2402 πολλά
357 2341 581 2424 άπαγορεόωι’
550 2343 598 2401 ουδ
600 2345 627 2402 ἐν
641 2367 714 2417 ηνυε,
726 2340 955 2418 συμβάλλειν
923 2367 973 2400 ουκ

170 2435 230 2492 ἐῶν·
259 2432 375 2507 ἐποίησέ
392 2457 423 2491 τε
440 2430 522 2492 αὖτδς
540 2429 680 2500 τοιάδε,
661 2457 695 2493 ως
716 2457 765 2488 ουκ
786 2427 974 2507 ἀρεσκόμενος

169 2524 245 2582 τοῖσι
265 2519 414 2601 πρήγμασι
433 2523 510 2578 τοῖσι
534 2524 564 2577 ἐκ
587 2519 748 2595 Μαρδονίου
771 2519 972 2594 ποιευμένοισι·

169 2612 224 2668 τῶν
243 2609 411 2689 ἐστρατήγεε
430 2607 445 2668 6
462 2607 646 2685 Ἀρτάβαζος·
669 2606 727 2686 εἶχε
745 2607 774 2665 δέ
793 2605 910 2682 δύναμιν
923 2605 973 2664 οὔκ

169 2695 276 2777 ὀλίγην,
299 2697 376 2756 άλλιὶ
397 2697 443 2756 καὶ
464 2701 490 2760 ἐς
508 2697 645 2772 τέσσερας
664 2693 800 2772 μυριάδας
820 2692 972 2770 άνθριόπων

170 2785 234 2862 περὶ
255 2783 363 2844 ἑωυτόν·
384 2784 504 2858 τούτους,
527 2783 595 2846 ὅκως
614 2783 633 2859 ἦ
652 2781 789 2860 συμβολή
810 2783 923 2862 ἐγίνετο,
943 2778 973 2840 εὖ

171 2873 386 2950 ἐξεπιστάμενος
417 2872 452 2932 τοὶ
481 2874 582 2948 ἔμελλε
608 2870 811 2947 άποβήσεσθαι
829 2869 896 2940 γα’πό
923 2873 974 2946 τῆς

170 2961 270 3040 μάχης,
284 2961 336 3042 ἦγε
350 2962 579 3038 κατηρτημένους,
594 2961 786 3041 παραγγείλας
800 2959 871 3018 κατά
883 2958 972 3018 τῶυτδ

172 3049 240 3108 ἰέναι
259 3048 365 3110 πάντας
382 3052 418 3126 τῇ
438 3047 472 3107 ἂν
490 3047 572 3110 αὐτὸς
592 3049 743 3128 ἐξηγέηται,
759 3047 828 3110 ὅκως
841 3044 876 3106 άν
889 3046 974 3107 αὐτόν

170 3135 271 3212 ὄρέωσι
287 3135 413 3210 σπουδῆς
431 3137 539 3214 ἔχοντα·
567 3140 654 3194 ταῦτα
671 3136 872 3216 παραγγείλας,
891 3135 927 3199 ὦς
947 3141 974 3199 ἐς

171 3222 266 3300 μάχην
288 3222 340 3303 ἦγε
362 3221 445 3296 δῆθεν
468 3221 517 3282 τόν
541 3222 672 3299 στρατόν·
694 3223 849 3299 προτερέων
873 3224 903 3282 δέ
924 3228 974 3298 τῆς

171 3309 246 3378 ὁδοῦ,
266 3309 322 3387 ὥρα
340 3309 385 3368 καὶ
403 3309 437 3384 δή
455 3308 610 3389 φεύγοντας
625 3309 689 3372 τούς
708 3309 834 3386 Πέρσας·
856 3310 928 3371 οὕτω
945 3311 975 3372 δέ
