2250 3552
170 141 218 188 τοι
487 141 667 190 πνοιουοτ
906 143 969 206 [lx.

169 217 227 294 ἅμα
240 218 270 276 δὲ
282 222 419 295 πυρσοῖσι
434 218 479 276 διά
493 217 585 294 νήσων
596 219 686 278 ἐδόκεε
699 219 820 295 βασιλέϊ
832 220 970 297 δηλώσειν

170 305 242 365 ε’όντι
263 311 292 366 έν
313 305 438 381 Σάρδισι,
459 305 503 365 ὅτι
524 307 583 385 ἔχοι
602 305 731 382 Ἀθήνας.
773 308 803 372 ὃς
825 307 886 368 οὐδὲ
906 310 970 370 τότε

169 391 334 469 ἀπικόμενος
362 399 389 457 ές
408 393 460 470 τήν
479 393 609 470 Ἀττικὴν
630 392 691 472 εὗρε
713 395 778 460 τούς
796 395 969 472 Ἀθηναίους,

169 480 234 540 ἀλλ’
256 482 284 540 έν
310 508 341 542 τε
367 483 509 564 Σαλαμῖνι
534 481 599 546 τούς
625 484 776 547 πλείστους
803 485 970 546 ἐπυνθάνετο

170 568 247 638 εἶναι,
265 570 293 630 έν
310 595 342 629 τε
359 573 426 649 τῇσι
447 572 537 646 νηυσί·
559 571 644 646 αἱρέει
663 597 694 630 τε
715 576 818 649 ἐρῆμον
835 573 868 631 τό
887 572 970 632 ἄστυ.

169 656 230 733 ἡδὲ
243 659 383 734 βασιλέος
396 659 503 735 αἵρεσις
517 663 544 722 ές
559 658 610 734 τὴν
625 659 774 736 όστεραίην
791 659 842 736 τὴν
856 661 969 736 Μαρδο-

169 747 228 804 νίου
242 747 441 825 ἐπιστρατηίην
454 746 606 823 δεκάμηνος
620 749 737 827 ἐγένετο.

142 838 160 892 4
209 833 288 893 Ἐπεὶ
302 835 331 893 δὲ
345 839 374 894 ἐν
386 833 523 913 Ἀθήνησι
538 835 646 916 ἐγένετο
658 835 673 894 ὁ
685 837 850 912 Μαρδόνιος,
866 839 970 914 πέμπει

170 927 197 984 ές
227 925 373 999 Σαλαμῖνα
403 923 584 1000 Μουρυχίδην
618 922 704 1002 άνδρα
734 924 968 1000 Ἑλλησπόντιον,

170 1010 291 1087 φέροντα
304 1011 367 1073 τούς
381 1009 479 1073 αὖτοδς
497 1010 599 1091 λόγους
617 1011 680 1074 τοῦς
697 1012 747 1070 καὶ
756 1011 938 1090 Ἀλέξανδρος
951 1013 969 1072 ό

169 1098 305 1157 Μακεδών
330 1102 406 1158 τοῖσι
429 1097 604 1174 Ἀθηναίοισι
629 1099 839 1177 διεπόρθμευσε.
879 1105 969 1160 ταῦτα

186 1187 248 1246 {vd
270 1187 395 1264 δεύτερον
415 1186 582 1261 ἀπέστελλε,
598 1189 723 1267 προέχων
739 1191 790 1265 μὲν
810 1193 864 1249 τών
883 1187 968 1266 Ἀθη-

170 1275 252 1335 ναίων
266 1275 297 1334 οὔ
312 1276 410 1351 φιλίας
423 1273 542 1356 γνώμας,
557 1276 675 1346 ἐλπίζων
690 1276 722 1336 δέ
739 1283 831 1352 σφεας
847 1276 968 1353 όπόσειν

166 1367 217 1438 τῆς
233 1362 439 1444 ἀγνωμοσύνης,
454 1363 490 1426 ώς
509 1363 678 1440 δοριαλώτου
696 1364 796 1440 ἐούσης
811 1364 903 1440 πόσης
916 1371 967 1440 τῆς

166 1449 295 1526 Ἀττικῆς
315 1451 407 1529 χώρης
426 1451 471 1509 καὶ
492 1451 592 1528 ἐούσης
611 1451 665 1528 ἤδη
684 1451 729 1511 ὑπ’
747 1456 843 1530 ἑωυτῷ·
864 1451 967 1511 τούτων

166 1541 218 1614 μὲν
250 1539 339 1598 εἵνεκα
369 1536 517 1616 ἀπέπεμψε
544 1540 723 1618 Μουρυχίδην
754 1545 780 1603 ές
808 1542 964 1616 Σαλαμῖνα.

139 1627 200 1685 5‘0
220 1627 256 1699 δὲ,
275 1626 440 1704 άπικόμενος
462 1629 507 1686 ε’πὶ
525 1627 576 1704 την
596 1629 714 1704 βουλὴν,
739 1630 817 1709 ἔλεγε
834 1629 869 1688 τά
889 1630 965 1706 παρά

167 1715 335 1792 Μαρδονίου·
360 1718 415 1774 τῶν
435 1716 464 1773 δὲ
484 1718 659 1792 βουλευτέων
679 1717 798 1792 λυκίδης
819 1716 878 1776 εἶπε
896 1717 965 1798 γνώ

165 1829 229 1879 μην,
242 1803 277 1866 ὥς
291 1806 317 1862 οἳ
331 1801 422 1862 ε’δόκεε
435 1801 547 1880 ἄμεινον
558 1804 626 1862 εἶναι
640 1805 802 1879 δεξαμένους
816 1803 966 1884 τὸνλόγον

166 1891 215 1951 τόν
244 1898 300 1968 σφι
327 1892 506 1970 Μουρυχίδης
535 1893 678 1969 προφέρει,
707 1893 837 1962 ε’ξενεῖκαι
864 1897 891 1955 ἐς
915 1893 966 1953 τόν

166 1979 264 2055 δῆμον·
285 1979 301 2040 ό
317 1981 367 2057 μὲν
387 1979 420 2055 δὴ
437 1980 540 2056 ταύτην
552 1981 604 2056 τήν
621 1979 734 2062 γνώμην
748 1980 925 2056 ἀπεφαίνετο,
941 1982 967 2040 εί

164 2094 194 2126 τε
211 2069 244 2144 δὴ
262 2069 422 2148 δεδεγμένος
439 2067 570 2147 χρήματα
590 2069 665 2144 παρὰ
679 2069 839 2146 Μαρδονίου
854 2070 878 2127 εἴ
894 2095 925 2128 τε
938 2073 965 2129 οἱ

166 2158 210 2214 καὶ
223 2161 310 2215 ταῦτα
325 2157 444 2216 ἑάνδανε·
465 2155 609 2232 Ἀθηναῖοι
626 2157 655 2216 δὲ
673 2155 771 2216 αὐτίκα
785 2156 872 2217 δεινόν
885 2183 966 2234 ποιη-

166 2244 290 2319 σάμενοι,
316 2244 345 2301 οἵ
366 2271 396 2302 τε
421 2249 451 2302 ε’κ
473 2249 524 2320 τῆς
546 2247 657 2321 βουλῆς
679 2245 725 2303 καὶ
748 2248 775 2304 οἱ
798 2245 903 2314 ἔξωθεν,
930 2246 966 2310 ώς

165 2331 307 2400 ε’πόθοντο,
322 2332 502 2408 περιστάντες
516 2335 637 2392 Λυκίδεω
655 2335 825 2393 κατέλευσαν
838 2333 967 2409 βάλλον-

163 2446 215 2490 τες,
234 2419 283 2479 τὸν
306 2419 335 2477 δὲ
354 2419 580 2496 Ἑλλησπόντιον
599 2422 777 2501 Μουρυχίδεα
796 2421 967 2500 ἀπέπεμψαν

164 2507 270 2568 οἷσινέα·
291 2509 440 2588 γενομένου
456 2509 486 2567 δὲ
503 2508 627 2586 θορύβου
641 2515 670 2569 ἐν
687 2514 723 2588 τῇ
743 2512 882 2586 Σαλαμῖνι
900 2511 966 2586 περὶ

163 2596 211 2656 τόν
231 2596 359 2665 Λυκίδεα,
376 2595 561 2657 πυνθάνονται
578 2597 611 2657 τό
629 2597 774 2680 γινόμενον
792 2601 828 2656 αἱ·
838 2601 966 2678 γυναῖκες

163 2688 218 2744 τῶν
230 2683 392 2760 Ἀθηναίων·
414 2685 649 2763 διακελευσαμένη
663 2687 692 2746 δὲ
704 2685 774 2768 γυνη
787 2685 903 2768 γυναικὶ,
918 2687 966 2745 καὶ

163 2773 382 2849 παραλαβοῦσα,
401 2773 446 2832 ε’πὶ
463 2773 515 2849 τὴν
530 2775 653 2834 Λυκίδεω
673 2776 761 2850 οἰκίην
780 2774 865 2851 ἤϊσαν
884 2773 965 2832 αὖτο-

164 2863 264 2930 κελέες,
289 2862 334 2918 καὶ
359 2861 429 2920 κατά
452 2865 503 2938 μὲν
527 2864 645 2922 ἔλευσαν
667 2863 751 2923 αὐτοῦ
772 2863 824 2939 τὴν
846 2863 965 2943 γυναῖκα

163 2949 233 3006 κατά
248 2949 278 3007 δὲ
291 2949 325 3007 τά
339 2951 429 3008 τέκνα.

136 3037 152 3092 6
203 3034 250 3097 Ἐς
263 3036 292 3094 δὲ
305 3035 356 3110 τὴν
376 3039 523 3114 Σαλαμῖνα
541 3039 679 3116 διέβησαν
698 3043 725 3098 οἱ
738 3039 882 3116 Ἀθηναῖοι
900 3037 964 3099 ώδε·

162 3121 210 3181 ἕως
236 3124 287 3196 μὲν
309 3125 511 3196 προσεδέκοντο
534 3125 584 3184 τόν
611 3131 640 3184 ἐκ
667 3131 717 3202 τῆς
739 3127 965 3202 Πελοποννήσου

162 3207 284 3279 στρατόν
297 3206 372 3280 ἥξειν
389 3209 583 3285 τιμωρήσοντά
601 3219 665 3288 σφι,
680 3217 707 3272 οἱ
723 3214 753 3272 δὲ
770 3215 866 3290 έμενον
883 3219 913 3273 έν
924 3219 963 3293 τῇ

160 3287 283 3368 Ἀττικῇ·
298 3295 356 3351 ε’πεὶ
370 3295 400 3352 δὲ
413 3300 439 3354 οἶ
452 3299 503 3370 μὲν
512 3299 670 3376 μακρότερά
682 3327 713 3360 τε
727 3302 772 3360 καὶ
786 3303 965 3380 σχολαίτερα
