2282 3550
382 521 735 595 ‘HPOAOTOY

277 698 562 801 γἰΣΤοΡιοιι
584 755 588 762 ·
607 737 802 802 οΓΔοιι.

466 991 648 1094 όΥΡΑΝΙΑ.

148 1157 162 1215 l
222 1163 262 1216 01
277 1158 306 1216 δὲ
319 1155 464 1232 Ἑλλήνων
482 1161 510 1220 ές
526 1156 576 1217 τόν
589 1159 717 1220 ναυτικόν
730 1157 853 1236 στρατόν
865 1159 982 1237 ταχθέν-

182 1270 226 1308 τες
255 1244 329 1320 ἦσαν
360 1245 426 1305 οἶδε·
456 1243 600 1321 Ἀθηναῖοι
622 1249 683 1322 μέν,
697 1248 769 1310 ’νέας
795 1245 983 1324 παρεχόμενοι

182 1333 252 1392 ἔπτὰ
272 1335 317 1392 καὶ
339 1335 428 1393 εἴκοσι
448 1334 494 1392 καὶ
512 1333 617 1394 ἑκατόν·
638 1334 693 1396 όπό
714 1335 744 1394 δὲ
764 1333 864 1411 α’ρετῆς
883 1360 914 1393 τε
935 1336 984 1394 καὶ

183 1423 339 1497 προθυμίης
356 1423 520 1492 Πλαταιέες,
542 1421 651 1498 ἄπειροι
667 1427 718 1499 τῆς
735 1426 862 1496 ναυτικῆς
883 1421 981 1496 ε’όντες,

182 1509 376 1586 συνεπλήρουν
393 1514 470 1569 τοῖσι
486 1509 661 1586 Ἀθηναίοισι
679 1510 731 1574 τὰς
743 1511 815 1573 νέας·
837 1511 983 1587 Κορίνθιοι

183 1595 212 1654 δὲ
221 1597 428 1674 τεσσεράκοντα
435 1599 498 1662 νέας
505 1599 682 1677 παρείχοντο·
694 1599 837 1680 Μεγαρέες
845 1598 873 1657 δὲ
882 1599 982 1656 εἴκοσι·

184 1687 229 1744 καὶ
243 1686 395 1749 Χαλκιδέες
406 1687 545 1763 ἐπλήρουν
559 1688 655 1760 εἴκοσι,
670 1686 823 1763 Ἀθηναίων
833 1694 888 1762 σφι
899 1713 983 1763 παρε-

182 1773 289 1853 χόντων
302 1775 351 1838 τός
364 1776 434 1837 νέας·
454 1779 600 1856 Αἰγινῆται
616 1775 646 1833 δὲ
664 1774 858 1834 ὀκτωκαίδεκα·
881 1775 983 1838 Σικυιό·

183 1889 238 1923 νιοι
252 1864 281 1922 δὲ
295 1864 423 1923 δυόδεκα·
444 1862 658 1938 Λακεδαιμόνιοι
672 1863 701 1922 δὲ
715 1863 789 1922 δέκα·
810 1862 984 1939 Ἐπιδαύριοι

183 1952 212 2011 δὲ
233 1952 314 2012 όκταί·
338 1952 487 2029 Ἐρετριέες
508 1951 537 2010 δὲ
558 1951 636 2011 ἑπτά·
664 1951 821 2029 Τροιζήνιοι
841 1951 870 2010 δὲ
890 1952 983 2010 πέντε·

187 2043 302 2118 Στυρέες
323 2043 352 2101 δὲ
373 2041 430 2101 δύο·
452 2042 498 2100 καὶ
520 2043 600 2100 Κεῖοι
620 2039 669 2100 δύο
689 2067 720 2100 τε
741 2044 802 2102 νέας
823 2040 867 2098 καὶ
885 2041 984 2116 πέντη-

184 2131 327 2208 κοντέρους
340 2130 398 2189 δύο·
417 2130 523 2204 Λοκροὶ
537 2129 568 2188 δέ
585 2135 641 2205 σφι
660 2132 687 2188 οἱ
704 2127 864 2188 Ὀπούντιοι
878 2127 986 2203 ε’πεβῶ·

185 2218 257 2287 θεον,
271 2219 498 2295 πεντεκοντέρους
511 2218 620 2297 ἔχοντες
634 2217 712 2277 έπτό.

149 2309 167 2364 2
215 2303 315 2364 Ἠσαν
335 2308 386 2382 μὲν
408 2303 444 2366 ὧν
463 2303 539 2366 οὗτοι
558 2309 584 2365 οἱ
598 2305 813 2384 στρατευόμενοι
829 2303 871 2363 ἐπ’
889 2303 986 2381 Ἀρτε-

183 2393 289 2469 μίσιον·
305 2395 409 2470 εἴρηται
420 2394 451 2453 δέ
459 2421 509 2471 μοι
523 2394 569 2452 καὶ
583 2393 618 2457 αἶς
631 2393 664 2453 τό
678 2394 916 2468 πλῆθος-ἕκαστοι
930 2397 987 2452 τῶν

184 2485 251 2542 νεῶν
276 2483 453 2561 παρείχοντο·
481 2482 597 2559 ἀριθμός
625 2481 654 2540 δὲ
680 2486 735 2542 τῶν
758 2481 987 2558 συλλεχθεισέων

184 2573 251 2631 νεῶν
265 2569 307 2630 ἐπ’
326 2571 505 2648 Ἀρτεμίσιον
523 2569 565 2646 ἦν,
581 2570 670 2648 πάρεξ
687 2574 742 2630 τῶν
755 2569 984 2645 πεντηκοντέρων,

184 2661 236 2735 μία
250 2659 295 2718 καὶ
309 2659 502 2735 ἐβδομήκοντα
516 2660 561 2716 καὶ
575 2657 723 2733 διηκόσιαι.
760 2658 809 2717 τόν
823 2657 852 2715 δὲ
865 2682 988 2733 στρατη-

184 2747 237 2827 γόν
262 2747 311 2806 τόν
336 2747 368 2806 τό
395 2749 531 2827 μέγιστον
558 2745 658 2823 κρότος
688 2748 788 2826 ἔχοντα
818 2745 988 2822 παρείχοντο

187 2837 368 2912 Σπαρτιῆται,
390 2835 568 2912 Εὐρυβιάδεα
588 2835 638 2894 τόν
658 2834 856 2911 Εὐρυκλείδεω.
882 2835 909 2892 οἱ
931 2831 989 2913 γθρ

186 2923 333 3002 σύμμαχοι
350 2923 399 2982 οὐκ
419 2925 538 2998 ἔφασαν,
554 2922 589 2998 ἢν
608 2923 648 2999 μή
670 2923 685 2983 ὁ
706 2922 807 2982 Λαίκων
822 2921 989 3003 ἡγεμονεύῃ,
1035 2985 1040 2996 1

186 3009 361 3086 Ἀθηναίοισι
382 3012 501 3088 ἕψεσθαι
520 3010 707 3091 ἡγεομένοισι,
729 3009 808 3070 α’λλαὶ
828 3010 928 3069 λύσειν
954 3009 990 3068 τό

152 3099 293 3172 3μέλλυν
319 3099 435 3158 ἔσεσθαι
465 3097 635 3174 στράτευμα.
690 3099 819 3180 Ἐγένετο
845 3097 901 3178 γὰρ
930 3097 991 3156 κατ’

186 3183 275 3262 ἀρχὰς
295 3185 389 3265 λόγος,
410 3187 476 3262 πρὶν
496 3185 513 3261 ἢ
536 3187 581 3244 καὶ
599 3192 625 3249 ἐς
645 3189 776 3262 Σικελίην
798 3187 918 3263 πέμπειν
943 3187 992 3245 ε’πὶ

187 3273 359 3350 συμμαχίην,
381 3273 417 3344 αἷς
439 3272 472 3332 τό
494 3275 620 3333 ναυτικὸν
640 3273 816 3351 Ἀθηναίοισι
837 3272 923 3352 χρεόν
948 3273 993 3350 εἴη
