2282 3550
155 144 266 210 υυ-υο]
482 135 646 194 οτυκυικ.”
907 147 954 193 υυυ

154 225 230 301 ἦσαν
245 225 275 286 δέ
287 225 341 300 ,καὶ
359 224 407 284 δύο
422 224 561 302 μυριάδες·
582 224 789 301 ὑπολιπόμενος
804 223 908 284 τούτων
922 224 958 288 ὥς

153 316 271 393 χιλίους,
289 312 354 377 τούς
375 313 499 384 λοιποῦς,
516 313 641 391 τάφρους
662 312 838 390 ὀρυξάμενος,
862 312 955 390 ἔθαψε,

155 401 290 478 φυλλάδα
310 428 341 461 τε
363 402 508 478 ἐπιβολῶν
527 403 573 460 καὶ
592 405 647 483 γῆν
666 400 890 478 ἐπαμησάμενος,
913 402 957 461 ἵνα

153 491 194 566 μὴ
218 490 377 566 ὀφθείησαν
400 489 454 550 άπό
477 493 528 549 τοῦ
552 494 680 549 ναυτικοῦ
702 493 836 567 στρατοῦ·
871 489 906 554 ιός
928 490 958 550 δέ

154 579 238 655 διέβη
259 584 287 641 ἐς
305 578 357 654 την
376 577 513 654 Ἱστιαίην
529 577 544 637 ὁ
564 577 658 655 κάρυξ,
672 577 817 658 σύλλογον
838 578 957 654 ποιησά-

153 693 236 743 μενος
248 667 352 729 παντός
366 671 417 726 τοῦ
433 667 626 742 στρατοπέδου
643 667 722 746 ἔλεγε
740 665 815 725 τάδε·
837 665 958 744 “άνδρες

154 753 310 833 σύμμαχοι,
330 753 471 830 βασιλεάς
491 755 597 830 Ξέρξης
616 757 655 833 τῷ
680 754 847 833 βουλομένῳ
869 753 958 830 άμέων

153 843 338 917 παραδίδωσι,
354 841 503 902 ἐκλιπόντα
522 842 574 918 τὴν
594 841 673 911 τάξιν
694 842 740 900 καὶ
760 841 878 901 ἐλθόντα
898 843 958 918 θεή-

154 932 263 992 σασθαι
293 931 363 994 ὅκως
395 930 516 1009 μάχεται
549 929 620 1007 πρός
650 930 716 992 τους
742 927 874 1005 άνοήτους
903 935 957 991 τῶν

154 1017 314 1094 άνθριόπων,
333 1018 360 1078 οἳ
375 1017 502 1094 ἤλπισαν
519 1018 572 1094 τήν
588 1019 727 1094 βασιλέος
747 1016 863 1094 δύναμιν
876 1017 957 1096 άπερ-

153 1106 340 1181 βαλέεσθαι.”
380 1109 474 1166 Ταῦτα
501 1107 747 1187 ἐπαγγειλαμένου,
774 1105 845 1182 μετά
871 1111 959 1166 ταῦτα
968 1109 1005 1166 25

154 1191 234 1254 οάδέν
257 1196 362 1276 ἐγίνετο
388 1195 495 1254 πλοίων
517 1193 716 1270 σπανιώτερον·
759 1193 829 1253 οὕτω
852 1197 958 1256 πολλοὶ

153 1281 258 1356 ἤθελον
293 1283 456 1359 θεήσεσθαι·
500 1283 742 1358 διαπεραιωθέντες
770 1282 799 1342 δέ
827 1285 956 1360 ἐθηεῦντο

154 1371 300 1441 διεξιόντες
315 1371 380 1434 τούς
398 1371 518 1448 νεκρούς·
546 1370 646 1433 πάντες
667 1370 696 1429 δέ
717 1371 873 1446 ἠπιστέατο
894 1372 959 1436 τοῦς

154 1459 296 1535 κειμένους
310 1459 379 1520 εἶναι
392 1459 497 1523 πάντας
507 1459 743 1536 Λακεδαιμονίους
756 1461 802 1518 καὶ
811 1463 957 1534 Θεσπιέας,

154 1545 280 1623 ὁρέοντες
301 1548 347 1605 καὶ
370 1547 435 1610 τούς
456 1548 580 1610 εἵλωτας·
615 1546 648 1606 οά
669 1549 720 1623 μὲν
745 1547 800 1607 οὐδ’
825 1549 959 1610 ἐλάνθανε

153 1633 219 1697 τούς
239 1635 447 1711 διαβεβηκότας
465 1636 572 1713 Ξέρξης
588 1638 676 1694 ταῦτα
694 1636 801 1712 πρήξας
815 1638 879 1713 περὶ
893 1637 957 1701 τούς

154 1722 268 1798 νεκροιλς
286 1723 350 1786 τυάς
371 1727 481 1783 ἐωυτοΰ·
503 1724 549 1782 καὶ
570 1721 625 1804 γάρ
650 1723 683 1798 δη
704 1727 817 1804 γελοῖον
837 1724 881 1800 ἦν·
902 1729 957 1785 τῶν

153 1813 206 1886 μὲν
221 1813 313 1889 χίλιοι
334 1813 482 1888 ἐφαίνοντο
504 1811 595 1888 νεκροὶ
616 1812 743 1888 κείμενοι,
758 1815 784 1870 οἱ
800 1812 838 1880 δέ,
858 1811 958 1876 πάντες

155 1899 253 1960 ἐκέατο
282 1899 363 1962 άλέες
397 1899 650 1980 συγκεκομισμένοι
678 1905 705 1962 ἐς
731 1898 820 1958 τιόυτά
849 1899 957 1978 χωρίον,

154 1987 288 2064 τέσσερες
314 1987 448 2066 χιλιάδες.
489 1987 592 2063 ταύτην
612 1989 664 2063 μέν
687 1987 738 2063 τὴν
761 1987 867 2064 ἡμέρην
888 1987 959 2064 πρός

155 2075 222 2150 θέην
236 2074 398 2152 ἐτράποντο·
419 2074 490 2153 τῇδ’
507 2075 642 2154 άστεραίη
656 2077 682 2134 οἱ
699 2077 751 2151 μὲν
768 2074 918 2135 άπέπλωον
932 2081 959 2140 ἐς

153 2160 291 2239 Ἱστιαίην
307 2164 353 2222 ἐπὶ
370 2163 420 2226 τάς
440 2167 514 2239 νῆας,
530 2167 556 2222 οἱ
575 2163 604 2222 δὲ
623 2161 698 2240 άμφὶ
716 2164 821 2240 Ξέρξεα
844 2168 872 2228 ἐς
893 2163 958 2225 ὀδόν

154 2249 283 2327 άρμέατο.

189 2336 284 2399 Ἧκον
305 2339 337 2398 δέ
359 2345 415 2413 σφι
439 2338 593 2417 αὐτόμολοι
617 2338 712 2415 ἅνδρες
739 2339 787 2399 ἄπ’
810 2340 958 2419 Ἀρκαδίης
968 2346 1005 2402 26

155 2423 249 2506 όλίγοι
261 2430 340 2496 τινές,
350 2429 418 2502 βίου
427 2454 458 2486 τε
469 2427 594 2504 δεόμενοι
608 2427 654 2485 καὶ
668 2429 774 2510 ἐνεργοὶ
784 2431 958 2507 βουλόμενοι

156 2513 234 2574 εἶναι·
266 2514 380 2595 άγοντες
404 2515 434 2574 δέ
456 2515 571 2578 τούτους
595 2521 621 2578 ἐς
645 2514 711 2593 ὄψιν
732 2517 784 2592 την
810 2520 957 2594 βασιλέος,

157 2602 342 2662 ἐπυνθάνοντο
372 2606 399 2661 οἱ
433 2604 545 2680 Πέρσαι
579 2604 643 2678 περὶ
674 2609 729 2664 τῶν
756 2604 901 2680 Ἑλλήνων
923 2606 959 2664 τά

156 2692 284 2750 ποιέοιεν·
304 2691 342 2754 εἶς
355 2691 386 2750 δέ
397 2717 438 2754 τις
452 2692 507 2768 πρά
521 2691 630 2751 πάντων
643 2691 678 2767 ἦν
689 2692 704 2752 ό
717 2693 846 2769 εῑρωτέων
860 2691 959 2756 αάτοάς

155 2782 251 2839 ταῦτα·
280 2781 307 2838 οἱ
325 2779 357 2838 δέ
376 2786 433 2856 σφι
455 2781 562 2861 ἔλεγον,
579 2780 614 2843 ὦς
634 2780 778 2857 Ὀλύμπια
796 2778 890 2861 ἄγοιεν
912 2781 958 2839 καὶ

156 2865 298 2944 θεωρέοιεν
317 2866 412 2948 α’γῶνα
431 2867 564 2948 γυμνικόν
586 2870 631 2926 καὶ
653 2867 776 2927 ἱππικόν·
806 2866 869 2927 άδέ
888 2869 958 2927 ἐπεί-

155 2977 218 3029 ρετο
243 2953 259 3013 ὅ
282 2981 309 3014 τι
329 2954 363 3014 τά
385 2954 488 3015 άεθλον
512 2956 554 3031 εἴη
577 2962 634 3031 σφι
658 2956 785 3033 κείμενον
809 2957 873 3032 περὶ
896 2955 958 3016 ὅτευ

155 3040 352 3122 α’γωνίζονται;
380 3046 407 3103 οἱ
425 3043 447 3103 δ’
469 3043 548 3103 εἶπον
564 3048 615 3118 τῆς
636 3045 731 3120 ἐλαίης
746 3043 796 3104 τάν
817 3044 959 3122 διδόμενον

155 3131 308 3208 στέφανον.
359 3129 486 3192 ἐνθαῦτα
508 3132 587 3194 είπας
620 3131 733 3212 γνώμην
762 3132 958 3212 γενναιοτάτην

155 3220 378 3299 Τριτανταίχμης
398 3219 415 3279 ά
435 3217 622 3296 Ἀρταβάνου,
650 3217 756 3294 δειλίην
783 3217 862 3292 ὦφλε
888 3219 958 3292 πρός

154 3308 304 3383 βασιλέος·
318 3306 524 3384 πυνθανόμενος
533 3305 588 3385 γάρ
596 3304 629 3362 τά
638 3303 741 3364 ἅεθλον
751 3303 797 3363 ἐάν
806 3305 957 3379 στέφανον,
