2282 3550
179 147 226 194 248
488 148 670 198 ἨΡΟΔΟΤΟΤ
885 148 975 210 [VIII.

177 224 318 305 ποννήσιρ·
339 226 388 289 ἕως
407 228 459 302 μὲν
479 225 513 302 δή
533 225 622 286 αὐτῶν
642 226 712 305 άνήρ
732 225 811 305 άνδρὶ
830 227 979 305 παραστάς

177 315 247 392 σιγῇ
273 312 361 410 λόγον
388 315 519 387 ἐποιέετο,
542 315 623 390 θῶμα
642 316 800 392 ποιεύμενοι
819 314 871 391 τήν
890 314 978 393 Εύρυ-

176 393 281 468 βιάδεω
301 396 448 471 αβουλίην,
470 396 553 458 τέλος
573 396 603 454 δέ
624 397 757 476 ἐξερράγη
782 401 817 459 ἐς·
835 396 868 456 τά
888 396 979 473 μέσον

177 479 321 562 σύλλογός
334 509 364 542 τε
378 482 412 559 δή
427 484 540 564 ἐγίνετο,
552 485 598 543 καὶ
611 485 707 544 πολλά
721 485 834 565 ἐλέγετο
848 485 979 561 περὶτῶν

177 567 275 641 αύτοῖν,
298 572 325 630 οἶ
344 573 397 647 μὲν
417 570 452 634 ὦς
473 576 500 634 ἐς
519 571 571 648 τήν
592 572 814 648 Πελοπόννησον
832 571 916 652 χρεὸν
936 573 979 648 εἴη

176 654 344 729 άποπλοίειν,
366 659 412 718 καὶ
432 660 495 736 περὶ
516 661 619 736 ἐκείνης
640 659 810 729 κινδυνεύειν,
833 659 904 736 μηδὲ
924 661 979 737 πρά

176 745 268 823 χιύρης
292 746 463 824 δοριαλώτου
486 749 620 824 μένοντας
646 749 800 828 μάχεσθαι·
835 747 979 824 Ἀθηναῖοι

177 832 214 907 δέ,
241 835 288 893 καὶ
311 839 465 916 Αἰγινῆται,
492 837 537 894 καὶ
562 838 712 916 Μεγαρέες,
738 836 823 896 αύτοΰ
846 837 980 913 μένοντας

130 921 167 982 75
178 919 345 997 ἀμύνασθαι.
387 922 524 984 Ἐνθαδτα
550 925 767 1001 Θεμιστοκλέης,
795 923 830 987 ὦς
858 928 980 986 ἑσσοῦτο

177 1013 213 1087 τῇ
226 1010 322 1091 γνιύμῃ
334 1011 389 1072 ύπά
404 1017 459 1072 τῶν
469 1015 716 1089 Πελοποννησίων,
731 1012 825 1073 λαθών
839 1013 980 1092 ἐξέρχεται

179 1102 209 1158 ἐκ
222 1103 273 1158 τοῦ
286 1100 440 1178 συνεδρίου·
462 1101 581 1170 ἐξελθιδν
599 1102 628 1160 δὲ
647 1104 751 1178 πέμπει
770 1107 797 1164 ἐς
815 1101 847 1161 τά
862 1101 979 1178 στρατό-

178 1186 262 1247 πεδον
290 1187 323 1248 τά
352 1188 455 1264 Μήδων
486 1187 571 1266 ἄνδρα
601 1191 699 1270 πλοίῳ,
728 1188 919 1266 ἐντειλάμενος
944 1189 981 1249 τά

180 1275 273 1355 λέγειν
293 1276 386 1354 χρεόν·
408 1281 446 1356 τῷ
467 1277 572 1353 οὔνομα
591 1280 644 1355 μὲν
662 1277 697 1354 ἦν
718 1278 851 1343 Σίκιννος·
873 1279 981 1353 οἰκέτης

177 1361 207 1420 δέ
228 1364 273 1422 καὶ
293 1365 470 1446 παιδαγωγάς
496 1364 531 1440 ἦν
558 1369 613 1425 τῶν
633 1367 841 1442 Θεμιστοκλέος
864 1366 980 1426 παίδων·

177 1450 226 1509 τάν
240 1451 269 1510 δὲ
282 1450 400 1530 ὕστερον
408 1454 512 1514 τούτων
521 1459 576 1514 τῶν
590 1453 760 1536 πρηγμάτων
770 1456 982 1531 Θεμιστοκλέης

178 1540 304 1598 Θεσπιέα
330 1566 361 1599 τε
388 1541 513 1618 ἐποίησε,
542 1541 577 1604 ὥς
604 1543 765 1602 ἐπεδέκοντο
793 1544 819 1601 οἲ
846 1544 982 1605 Θεσπιέες

178 1626 322 1702 πολιήτας,
352 1629 396 1687 καὶ
423 1629 551 1708 χρήμασι
584 1629 695 1706 ὄλβιον·
738 1629 769 1694 ὃς
797 1628 861 1690 τότε
890 1632 981 1710 πλοίῳ

177 1713 352 1792 ἀπικόμενος,
374 1717 453 1798 ἔλεγε
472 1718 542 1794 πρὸς
562 1718 627 1780 τούς
645 1718 820 1799 στρατηγούς
835 1721 889 1777 τῶν
909 1719 980 1796 βαρ-

178 1803 274 1882 βάρων
294 1805 369 1864 τάδε·
404 1815 421 1841 “
430 1807 538 1884 ἔπεμψέ
557 1832 592 1882 με
614 1807 772 1888 στρατηγὸς
792 1806 808 1866 ὁ
827 1805 982 1882 Ἀθηναίων

178 1891 271 1969 λάθρη
284 1897 338 1953 τῶν
352 1892 447 1952 ἄλλων
460 1893 611 1970 Ἑλλήνων,
627 1895 771 1976 (τυγχάνει
787 1895 841 1975 γάρ
856 1894 982 1970 φρονέων

178 1979 213 2039 τά
231 1982 377 2056 βασιλέως,
402 1983 448 2040 καὶ
468 1981 644 2059 βουλόμενος
665 1987 779 2060 μᾶλλον
802 1983 837 2042 τά
861 1981 982 2060 ύμέτερα

179 2069 332 2146 κατύπερθε
348 2071 476 2150 γίνεσθαι
492 2069 510 2146 ἢ
526 2071 562 2130 τά
577 2075 633 2131 τῶν
647 2070 793 2147 Ἐλλήνων
806 2070 981 2153 πρήγματα)

180 2157 329 2232 φράσοντα
354 2157 397 2218 ὅτι
425 2161 451 2217 οἱ
473 2157 612 2235 Ἕλληνες
641 2159 769 2236 δρησμάν
795 2159 983 2236 βουλεύονται

180 2245 428 2322 καταρρωδηκότες·
453 2248 499 2306 καὶ
516 2251 565 2306 νῦν
583 2249 700 2327 παρέχει
718 2247 875 2307 κάλλιστον
895 2246 983 2323 ύμέας

180 2332 260 2411 ἔργον
294 2331 421 2393 άπάντων
455 2335 671 2416 ἐξεργάσασθαι,
698 2333 733 2412 ἢν
766 2335 807 2413 μή
842 2335 983 2412 περιίδητε

179 2419 341 2497 διαδράντας
367 2420 475 2486 αύτούς·
504 2422 567 2484 ούτε
593 2424 648 2506 γάρ
674 2423 832 2500 ἀλλήλοισι
855 2423 983 2502 ὁμοφρο-

181 2509 281 2582 νέουσι,
305 2507 361 2569 οὔτ’
382 2511 422 2569 ἔτι
443 2509 660 2588 ἀντιστήσονται
680 2511 754 2590 ύμῖν,
776 2513 846 2589 πρός
867 2513 983 2578 ἑωυτούς

182 2622 210 2655 τε
234 2599 326 2672 σφέας
353 2596 459 2676 ὄψεσθε
485 2604 691 2680 ναυμαχέοντας
714 2600 779 2664 τούς
801 2600 836 2660 τά
861 2599 983 2678 ὑμέτερα

133 2687 348 2763 Ὶῦφρονέοντας
381 2689 427 2746 καὶ
460 2688 524 2752 τούς
557 2689 623 2765 μή.”
664 2690 698 2749 ‘O
724 2692 776 2767 μὲν
807 2688 895 2750 ταῦτά
924 2696 984 2765 σφι

180 2773 316 2854 σημήνας,
332 2775 454 2836 ἐκποδών
470 2775 688 2837 ἀπαλλάσσετο·
709 2781 785 2838 τοῖσι
799 2778 828 2838 δὲ
842 2777 877 2841 οἷς
891 2779 993 2845 πιστάς

179 2863 285 2941 ἐγίνετο
311 2863 347 2922 τά
374 2863 553 2945 ἀγγελθέντα,
576 2871 659 2925 τοῦτο
679 2868 731 2943 μὲν
755 2872 782 2930 ἐς
808 2866 859 2943 τήν
879 2867 984 2942 νησίδα

178 2949 230 3023 τήν
248 2950 430 3021 Ψυττάλειαν,
446 2953 550 3028 μεταξύ
570 2954 731 3031 Σαλαμῖνός
742 2980 773 3014 τε
793 2954 919 3032 κειμένην
935 2955 984 3014 καὶ

179 3039 230 3109 τῆς
247 3035 370 3114 ἠπείρου,
384 3041 511 3102 πολλούς
526 3044 581 3099 τῶν
603 3043 736 3118 Περσέων
752 3043 984 3120 ἀπεβιβάσαντο·

180 3123 309 3181 τοῦτοδὲ
329 3125 422 3199 ἐπειδή
442 3127 564 3205 ἐγίνοντο
582 3130 669 3204 μέσαι
690 3130 792 3201 νύκτες,
807 3131 913 3213 άνῆγον
930 3135 986 3209 μὲν

180 3208 214 3266 τά
228 3207 274 3266 ἐπ’
293 3212 412 3288 ἑσπέρης
431 3214 510 3290 κέρας
529 3215 712 3292 κυκλούμενοι
731 3219 802 3296 πρὸς
818 3219 870 3296 τήν
889 3221 986 3284 Σαλα-

179 3289 256 3366 μ’ῗῑ”ἅ·
285 3295 388 3376 ἀνῆγον
410 3298 439 3358 δέ
467 3303 493 3357 οἱ
519 3300 595 3376 ἀμφὶ
621 3303 672 3379 τήν
697 3306 772 3366 Κέον
799 3334 830 3367 τε
858 3309 905 3366 καὶ
933 3303 988 3378 τὴν
