2276 3554
208 159 239 203 οι
514 154 700 202 ἮνοΔοιύτ
946 154 1006 219 [vl.

209 234 238 292 δέ
251 238 305 294 ταῖν
320 234 538 312 ἐπισπαστήρων
551 235 650 313 εἴχετο·
672 237 698 293 οῖ
711 234 748 302 δέ,
763 233 825 292 ἐπεί
836 235 869 292 τέ
879 259 929 309 μιν
942 235 1009 296 α’πο-

208 323 318 382 σπάσαι
338 323 387 383 οὐκ
404 323 502 382 οἷοίτε
516 321 684 386 ἀπέλκοντες
702 323 833 403 ἐγίνοντο,
848 321 1010 401 ἀποκόψαν-

206 437 251 475 τες
273 411 356 471 αὐτοῦ
378 411 428 475 τάς
449 416 544 491 χεῖρας
564 411 635 491 ἦγον
657 410 737 471 οὕτω·
758 413 849 490 χεῖρες
870 410 900 468 δέ
923 415 1010 471 κεῖναι

160 501 198 559 92
211 503 396 576 ἐμπεφυκυῖαι
408 498 483 574 ἦσαν
495 503 571 558 τοῖσι
586 503 808 576 ἐπισπαστῆρσι.
850 502 945 558 Ταῦτα
957 501 1011 576 μέν

212 614 260 648 νυν
274 589 366 664 σφέας
379 587 478 650 αὐτούς
492 591 518 646 οἱ
532 591 677 668 Αἰγινῆται
694 586 859 667 ἐργάσαντο·
879 585 1010 664 Ἀθηναί-

210 701 269 735 οισι
297 676 327 735 δέ
354 675 455 752 ἥκουσι
479 675 676 754 ἐναυμάχησαν
699 676 782 751 νηυσὶ
805 674 1010 752 ἐβδομήκοντα·

209 765 378 827 ἑσσωθέντες
406 764 435 822 δέ
464 768 499 843 τῇ
528 765 667 843 ναυμαχίῃ
692 763 875 823 ἐπεκαλέοντο
895 763 1010 829 τούτους

210 851 310 915 αὐτούς
328 852 392 914 τούς
414 853 461 910 καὶ
485 851 629 929 πρότερον,
650 851 802 933 Ἀργείους·
824 851 870 909 καὶ
894 850 930 928 δή
954 861 1009 929 σφι

209 937 285 999 οὗτοι
305 943 357 1018 μέν
380 940 470 1000 ου’κέτι
487 942 651 1016 βοηθέουσι,
673 939 850 1017 μεμφόμενοι
868 939 913 999 ὅτι
932 946 1010 1023 Αἰγι-

208 1033 282 1088 ναῖαι
296 1030 353 1092 νέες
365 1028 472 1110 ἀνάγκῃ
482 1029 661 1105 λαμφθεῖσαι
673 1027 728 1087 ὐπὸ
738 1028 912 1104 Κλεομένεος
923 1030 1011 1108 ἔσχον

207 1143 238 1177 τε
253 1123 280 1181 ἐς
292 1118 344 1194 τήν
356 1116 509 1198 Ἀργολίδα
522 1117 615 1196 χώρην
636 1117 681 1175 καὶ
702 1116 906 1191 συναπέβησαν
919 1123 1010 1178 Λακε-

209 1205 386 1282 δαιμονίοισι.
429 1206 633 1280 συναπέβησαν
655 1205 684 1264 δέ
709 1204 754 1262 καὶ
777 1202 833 1263 ἀπά
856 1206 1011 1268 Σικυωνίων

210 1299 277 1353 νεῶν
299 1294 394 1371 ἄνδρες
411 1299 446 1374 τῇ
465 1294 536 1372 αὐτῇ
553 1293 639 1371 ταύτη
661 1295 783 1371 ἐσβολῇ.
826 1294 875 1351 καί
892 1301 950 1368 σφι
963 1295 1010 1353 ὐπ’

207 1381 339 1462 Ἀργείων
361 1383 508 1459 ἐπεβλήθη
532 1384 624 1458 ζημίη,
642 1384 723 1461 χίλια
743 1380 869 1441 τάλαντα
890 1383 1008 1456 ἐκτίσαι,

207 1469 378 1529 πεντακόσια
392 1472 543 1547 ἑκατέρους.
587 1470 730 1534 Σικυώνιοι
743 1470 794 1546 μέν
811 1495 859 1529 νυν
873 1471 1009 1552 συγγνόν-

207 1583 252 1620 τες
265 1557 404 1634 ἀδικῆσαι,
420 1558 617 1640 άμολόγησαν,
632 1559 729 1618 ἐκατὸν
742 1557 868 1617 τάλαντα
882 1560 1008 1620 ἐκτίσαν-

206 1670 259 1715 τες,
284 1645 396 1722 ἀζήμιοι
423 1647 501 1706 εἶναι·
544 1651 691 1727 Αἰγινῆται
714 1647 743 1706 δέ
772 1644 835 1705 οὐτε
862 1647 1008 1728 συνεγινιύ·

208 1759 311 1795 σκοντο
324 1734 399 1811 ἦσάν
412 1762 442 1795 τε
456 1734 663 1812 αὐθαδέστεροι.
694 1735 739 1795 διὰ
752 1734 785 1810 δή
801 1734 837 1793 ὧν
851 1741 907 1809 σφι
919 1739 1009 1795 ταῦτα

208 1822 364 1900 δεομένοισι
387 1823 442 1882 ἀπδ
464 1825 515 1900 μέν
535 1827 585 1882 τοῦ
607 1818 744 1899 δημοσίου
767 1821 853 1898 οὐδεὶς
874 1821 1008 1903 Ἀργείων

208 1912 248 1970 ἐτι
269 1913 393 1988 ἐβοήθεε,
413 1912 556 1970 ἐθελονταὶ
577 1911 606 1969 δέ
621 1917 648 1974 ἐς
660 1913 777 1989 χιλίους·
799 1909 851 1990 ἦγε
864 1910 893 1968 δέ
907 1910 1009 1974 αὐτούς

208 1999 365 2080 στρατηγός
386 1998 456 2074 α’νήρ
478 1996 498 2077 ᾧ
519 1997 624 2074 οὐνομα
644 1998 818 2076 Εὐρυβάτης,
835 1997 1008 2059 πεντάεθλον

208 2088 381 2163 ἐπασκήσας.
422 2087 525 2146 τούτων
547 2089 574 2145 οῖ
594 2091 711 2149 πλεῦνες
735 2086 784 2146 οὐκ
809 2084 1008 2163 ἀπενόστησαν

208 2174 307 2244 ὀπίσω,
329 2174 394 2234 ἀλλ’
409 2174 592 2250 ἐτελεύπησαν
612 2173 657 2233 ὐπ’
675 2174 827 2250 Ἀθηναίων
848 2179 876 2233 ἐν
897 2175 1007 2254 Αἰγίνη·

208 2262 290 2325 αὐτάς
304 2263 333 2321 δέ
346 2263 362 2322 ὁ
377 2262 534 2342 στρατηγός
548 2261 721 2339 Εὐρυβάτης,
736 2263 928 2341 μουνομαχίην
942 2268 1008 2322 ἐπα·

208 2351 305 2420 σκέων,
319 2354 392 2427 τρεῖς
405 2353 456 2427 μέν
475 2349 574 2426 ἄνδρας
587 2351 680 2429 τρόπῳ
694 2350 809 2429 τοιούτῳ
830 2350 937 2420 κτείνει,
951 2350 1008 2412 ὐπά

209 2439 238 2497 δέ
250 2443 300 2497 τοῦ
310 2438 443 2514 τετάρτου
453 2438 601 2513 Σωφάνεος
614 2443 664 2498 τοῦ
679 2439 815 2502 Δεκελέος
823 2437 1007 2513 ἀποθνήσκει.

161 2529 198 2584 93
210 2529 356 2607 Αἰγινῆται
364 2526 393 2584 δὲ
408 2531 485 2584 ἐοῦσι
498 2525 644 2585 ἀτάκτοισι
658 2525 832 2601 Ἀθηναίαισι
842 2527 1008 2604 συμβαλόν-

208 2639 253 2676 τες
266 2618 333 2690 τῇσι
350 2615 432 2689 νηυσὶ
454 2615 593 2688 ἐνίκησαν·
616 2616 665 2672 καί
679 2621 776 2690 σφεων
790 2615 853 2677 νέας
870 2615 1010 2692 τέσσερας

208 2702 318 2761 αὐτοῖσι
332 2701 450 2779 ἀνδράσι
465 2702 550 2761 εἶλον.

161 2795 199 2851 94
248 2790 423 2866 Ἀθηναίοισι
443 2793 495 2867 μέν
510 2789 544 2866 δή
562 2789 687 2867 πόλεμος
704 2795 832 2866 συνῆπτο
845 2791 916 2869 πρδς
929 2797 1008 2872 Αἰγι-

209 2879 300 2955 νήτας.
343 2877 406 2938 ὁδέ
425 2878 539 2954 Πέρσης
556 2877 589 2937 τό
609 2881 709 2938 ἐωυτοῦ
731 2880 829 2949 ἐποίεε,
849 2879 922 2940 ὥστε
943 2879 1009 2940 α’να-

207 2965 413 3044 μιμνήσκοντός
425 2992 456 3024 τε
470 2967 523 3024 αἰεὶ
535 2971 585 3024 τοῦ
600 2965 769 3042 θεράποντος
781 2969 943 3044 μεμνῆσθαι
959 2994 1010 3044 μιν

209 3059 264 3114 τῶν
283 3054 444 3128 Ἀθηναίων,
468 3053 513 3110 καὶ
536 3055 790 3129 Πεισιστρατιδέων
811 3059 1009 3133 προσκατημέ-

208 3167 261 3200 νων
282 3143 328 3198 καὶ
349 3140 562 3216 διαβαλλόντων
582 3138 753 3215 Ἀθηναίους,
773 3140 832 3219 ἅμα
853 3142 883 3200 δέ
900 3145 1010 3218 βουλό-

207 3255 290 3304 μενος
311 3227 327 3286 ὁ
347 3231 472 3304 Δαρεῖος,
494 3227 596 3302 ταύτης
619 3227 749 3305 ἐχόμενος
768 3234 818 3305 τῆς
835 3230 1010 3308 προφάσιος,

208 3315 454 3389 καταστρέφεσθαι
467 3318 518 3388 τῆς
530 3313 670 3377 Ἑλλάδος
682 3317 746 3379 τούς
759 3317 799 3392 μή
813 3318 913 3382 δόντας
933 3317 1012 3398 αὐτῷ
