2276 3554
182 134 229 182 150
489 130 674 180 ἭΡοΔοτοτ
907 131 980 197 [vn.

182 211 251 281 τόξα
280 210 414 290 έπιχόρια
446 210 588 287 καλάμινα
619 213 727 290 ἔχοντες
756 211 802 271 καὶ
829 210 982 283 άκινάκεας,

181 298 390 376 ἐστρατεύοντο·
412 295 491 358 οὗτοι
509 300 561 375 μέν
582 299 653 359 οὕτω
666 299 843 370 ἐσκευάδατο,
857 299 983 380 ἡγεμόνα

182 386 369 467 παρεχόμενοι
386 385 572 464 Ἀριόμαρδον
592 387 642 448 τόν
660 387 813 464 Ἀρτυφίου
833 387 981 463 άδελφεόν.

182 475 328 557 Σαράγγαι
341 474 371 534 δὲ
384 475 484 550 εἵματα
497 477 549 552 μὲν
558 477 729 552 βεβαμμένα
744 476 893 553 ἐνέπρεπον
906 477 982 556 έχον-

180 589 234 627 τες·
256 563 357 622 πέδιλα
380 562 410 622 δὲ
431 568 458 626 ἐς
478 562 546 644 γόνυ
567 563 744 624 άνατείνοντα
765 563 848 642 εἶχον,
863 562 932 632 τόξα
952 564 983 623 δὲ

181 653 228 710 καὶ
246 650 349 729 αἰχμάς
370 650 506 726 Μηδικάς·
529 652 695 733 Σαραγγέων
713 651 743 710 δὲ
761 650 831 730 ἦρχε
850 651 982 728 Φερενδά-

180 765 230 816 της
254 738 270 798 ό
295 738 478 821 Μεγαβάζου.
521 739 648 803 Πάκτυες
671 739 700 798 δέ
724 737 928 815 σισυρνοφόροι
951 765 982 798 τε

180 826 317 904 ἦσανκαὶ
329 826 398 898 τόξα
412 827 545 907 ἐπιχώρια
558 828 634 907 εἶχον
648 827 694 887 καὶ
708 825 866 906 ἐγχειρίδια.
905 826 982 885 Πάκ-

180 941 242 979 τυες
267 915 297 974 δὲ
323 913 446 994 άρχοντα
471 916 639 994 παρείχοντο
662 915 815 993 Ἀρτόντην
837 915 887 975 τόν
909 913 981 974 Ἰθα-

134 1003 296 1081 68μάτρεω.
342 1001 439 1062 Οὔτιοι
460 1003 490 1063 δὲ
513 1004 559 1062 καὶ
580 1002 674 1064 Μόκοι
695 1030 725 1064 τε
748 1003 794 1062 καὶ
816 1002 982 1078 Παρικάνιοι

181 1093 381 1168 ἐσκευασμένοι
404 1089 479 1165 ἦσαν
504 1091 627 1169 κατάπερ
649 1092 782 1154 Πάκτυες.
825 1089 928 1151 τούτων
952 1091 982 1151 δέ

180 1178 268 1258 ἦρχον
290 1180 356 1239 οἵδε·
379 1179 486 1240 Οὐτίων
506 1181 558 1258 μὲν
580 1182 626 1238 καὶ
647 1181 750 1240 Μύκων
767 1179 944 1256 Ἀρσαμένης
964 1179 982 1240 ό

181 1269 310 1344 Δαρείου·
338 1269 515 1344 Παρικανίων
542 1268 572 1327 δὲ
595 1269 763 1344 Σιρομίτρης
786 1267 802 1327 ό
827 1266 981 1342 Οἰοβάζου.

133 1358 170 1415 69
182 1354 314 1432 Ἀράβιοι
335 1356 402 1426 δέζ
385 1355 475 1433 ζειράς
493 1355 683 1433 όπεζωσμένοι
700 1355 784 1432 ἦσαν·
805 1355 873 1426 τόξα
886 1355 916 1414 δέ
928 1381 982 1414 πα-

179 1444 293 1503 λίντονα
309 1443 385 1522 εἶχον
398 1469 468 1520 προς
481 1445 564 1514 δεξιά,
578 1445 680 1522 μακρά.
723 1444 854 1506 Αἰθίοπες
868 1443 897 1503 δὲ
910 1469 981 1556 παρ·

179 1530 280 1594 δαλέας
292 1557 323 1590 τε
341 1532 388 1590 καὶ
408 1533 568 1595 λεοντέας’
556 1533 711 1609 εναμμένοι,
725 1531 795 1602 τόξα
808 1531 877 1592 δὲ’
852 1558 927 1610 ειχον
948 1537 979 1592 ἐκ

179 1619 304 1725 φρίνικος
325 1618 436 1694 σπάθης
460 1621 633 1695 πεποιημένα
656 1619 759 1696 μακρὰ,
785 1619 981 1696 τετραπηχέων

178 1705 228 1766 οόκ
251 1705 410 1767 ἐλάσσω·’
398 1733 443 1766 επι
432 1707 502 1777 δε,
526 1706 732 1784 καλαμίνους’
716 1705 828 1770 οῐστους
849 1705 981 1782 μακρούς·

178 1793 253 1876 (ἀντὶ
274 1795 303 1854 δέ
324 1795 473 1872 σιδήρου
460 1799 529 1871 επὴν
548 1796 627 1858 λίθος
646 1794 710 1864 όξῦς
730 1795 922 1870 πεποιημένος,
942 1801 982 1874 τῷ

179 1883 226 1941 καὶ
238 1883 287 1946 τάς
297 1883 457 1965 σφρηγῖδας
467 1882 634 1963 γλύφουσι·)
648 1883 718 1960 πρός
730 1883 768 1952 δέ,
777 1881 880 1962 αἰχμάς
894 1881 980 1961 εἶχον·

179 1973 225 2030 ἐπὶ
245 1972 283 2040 δὲ,
298 1973 379 2048 κέρας
400 1970 533 2048 δορκάδος
554 1974 623 2046 ἐτι-ἡν
643 1969 693 2041 όξδ
709 1972 905 2048 πεποιημένον,
918 1969 981 2048 τρό-

178 2085 232 2118 πον
254 2060 372 2141 λόγχης·
394 2059 470 2138 εἶχον
493 2059 522 2118 δέ
545 2059 590 2118 καὶ
611 2058 725 2136 ῥόπαλα
742 2058 861 2118 τυλωτά·
882 2061 931 2118 τοῦ
951 2059 982 2118 δὲ

180 2147 311 2224 σώματος
331 2148 364 2206 τό
384 2150 436 2224 μέν
455 2147 543 2225 ἥμισυ
564 2147 746 2224 ἐξηλείφοπο
759 2146 839 2228 γύψῳ
854 2144 940 2209 ἰόντες
954 2152 982 2210 ἐς

179 2235 282 2314 μάχην,
297 2237 330 2294 τό
344 2235 367 2294 δ’
382 2237 475 2312 ἕτερον
487 2236 576 2312 ἥμισυ
595 2237 695 2316 μΟιτῳ.
736 2235 878 2313 Ἀραβίων
890 2235 921 2294 δὲ
934 2236 981 2294 καὶ

178 2322 321 2382 Αἰθιόπων
339 2325 394 2382 τῶν
415 2323 484 2400 ὑπὲρ
498 2324 641 2403 Αἰγύπτου
662 2324 812 2402 οἰκημένων
831 2322 902 2401 ἦρχε
917 2321 980 2400 Ἀρ-

179 2410 281 2488 σάμης,
296 2410 312 2470 ό
327 2412 447 2488 Δαρείου
461 2412 506 2470 καὶ
519 2410 712 2488 Ἀρτυστώνης
724 2416 774 2487 τῆς
788 2410 883 2488 Κόρου
897 2411 980 2491 θυγα-

179 2499 254 2576 τρός·
274 2498 328 2575 τὴν
347 2499 475 2576 μάλιστα
496 2499 613 2576 στέρξας
633 2504 688 2559 τῶν
703 2502 839 2581 γυναικῶν
853 2501 980 2575 Δαρεῖος,

179 2585 241 2646 είκιδ
262 2587 386 2666 χρυσέην
407 2587 593 2665 σφυρήλατον
609 2588 771 2663 ἐποιήσατο.
813 2591 868 2646 τῶν
880 2588 932 2660 μὲν
946 2585 980 2661 δὴ

176 2673 245 2751 ὑπὲρ
259 2673 402 2756 Αίγόπτου
416 2675 557 2735 Αἰθιόπων
570 2676 617 2734 καὶ
629 2675 773 2752 Ἀραβίων
787 2674 857 2752 ἡρχε
877 2672 981 2749 Ἀρσά·

134 2761 168 2824 70
177 2788 241 2838 μης.
285 2766 322 2822 Οἱ
342 2763 372 2822 δὲ
391 2761 448 2822 άπό
469 2762 552 2839 ἡλίου
570 2763 728 2822 α’νατολέων
743 2763 880 2834 Αἰθίοπες,
897 2760 980 2840 (διξοὶ

176 2850 231 2930 γάρ
244 2849 278 2926 δὴ
289 2850 510 2931 ἐστρατεύοντο,)
523 2850 752 2930 προσετετάχατο
766 2854 842 2909 τοῖσι
855 2848 978 2922 Ἰνδοῖσι,

177 2937 398 3000 διαλλάσσοντες
418 2939 488 3001 εἶδος
505 2941 556 3014 μὲν
575 2937 653 2998 οὐδέν
675 2943 751 2998 τοῖσι
772 2938 902 3015 ἑτέροισι,
923 2942 980 3012 φω-

177 3025 227 3100 νὴν
246 3025 338 3084 δὲκαὶ
359 3027 485 3104 τρίχωμα
503 3030 616 3101 μοῦνον·
638 3029 734 3103 οἱμὲν
753 3025 809 3106 γάρ
830 3024 878 3085 (ἐπ’
897 3023 981 3100 ἡλίου

177 3113 308 3178 Αἰθίοπες
329 3112 465 3192 ἶθότριχές
485 3116 550 3172 εἶσι·
572 3116 599 3172 οἷ
611 3114 640 3173 δὲ
654 3118 685 3173 ἐκ
703 3117 754 3190 τῆς
766 3111 877 3191 Λιβύης
897 3110 980 3173 οόλό·

175 3225 260 3259 τατον
278 3201 404 3278 τρίχωμα
418 3202 516 3280 έχουσι
529 3199 641 3262 πάντων
654 3200 815 3278 α’νθρόπων.
858 3199 937 3262 οὗτοι
951 3201 981 3260 δὲ

176 3289 204 3346 οἱ
225 3292 255 3345 ἐκ
275 3291 325 3363 τῆς
346 3287 445 3364 Ἀσίης
467 3287 608 3360 Αἰθίοπες,
629 3289 665 3350 τά
684 3292 736 3366 μὲν
756 3291 834 3351 πλέω
855 3287 979 3366 κατάπερ
