2276 3554
172 141 217 189 134
474 141 658 190 ἨΡΟΔΟΤΟΤ
893 141 969 206 [VII.

168 221 289 296 Θρηίκης
306 219 425 300 ἀγίνεον,
441 221 468 278 οἶ
484 219 514 278 δὲ
531 224 559 282 ἐς
572 219 722 297 Τυρόδιζαν
741 221 794 297 την
810 223 970 299 Περινθίων,

169 311 195 367 οἱ
208 307 238 366 δὲ
253 311 280 370 ἐς
294 307 444 385 Δορίσκον,
459 310 486 367 οἶ
499 307 529 367 δὲ
542 312 570 371 ἐς
582 307 682 368 Ἠϊόνα
697 307 749 385 την
763 310 809 368 ἐπὶ
823 311 970 388 Στρυμόνι,

168 399 195 456 οἶ
216 396 247 456 δὲ
265 401 292 460 ἐς
311 396 486 472 Μακεδονίην
503 396 720 478 διατεταγμένοι.

121 487 158 544 26
209 485 257 544 Ἐν
271 489 310 564 τῷ
323 485 352 544 δὲ
364 481 442 544 οὗτοι
454 485 505 545 τάν
518 486 699 562 προκείμενον
712 484 799 545 πόνον
813 487 969 568 ἐργάζοντο,

168 579 197 634 ἐν
213 574 301 653 τούτῳ
323 572 339 633 ἀ
361 572 443 644 πεζάς
464 571 538 636 ἅπας
557 575 783 654 συλλελεγμένος
803 573 862 651 ἅμα
879 575 971 655 ’Ξέρξη

168 663 315 740 ἐπορεύετο
340 667 368 726 ἐς
391 660 499 738 Σάρδις,
522 666 552 720 ἐκ
575 661 744 739 Κριτάλλων
765 661 895 739 ὁρμηθεὶς
915 669 971 724 τῶν

169 756 198 810 ἐν
221 750 420 828 Καππαδοκίῃ·
446 751 565 810 ἐνθαῦτα
585 750 639 832 γάρ
662 752 754 826 εἴρητο
776 751 970 832 συλλέγεσθαι

166 839 258 899 πάντα
278 839 328 899 τάν
349 839 407 898 κατ’
421 837 537 916 ἤπειρον
549 841 694 915 μέλλοντα
714 837 773 916 ἅμα
794 839 867 916 αάτῷ
879 841 970 921 Ξέρξη

167 927 336 1005 πορεύεσθαι
366 926 497 1005 στρατόν.
540 919 573 982 ἀς
599 927 651 1002 μέν
677 953 725 987 νυν
754 931 809 987 τῶν
839 927 970 1008 ὑπάρχων

168 1015 292 1092 στρατὸν
314 1016 456 1076 κάλλιστα
479 1015 653 1092 ἐσταλμένον
673 1013 786 1097 ἀγαγιδν
807 1015 842 1075 τά
861 1019 970 1093 προκεί-

167 1131 237 1181 μενα
256 1105 333 1182 παρά
350 1105 489 1182 βασιλέος
508 1106 596 1180 ἐλαβε
616 1103 698 1182 δῶρα,
714 1103 764 1163 οὗκ
781 1105 834 1183 ἔχω
848 1105 969 1182 φράσαι·

167 1193 230 1252 οὐδὲ
243 1193 298 1274 γάρ
311 1193 402 1272 ἀρχὴν
416 1198 443 1256 ἐς
456 1195 548 1269 κρίσιν
561 1192 661 1252 τούτου
674 1193 737 1270 πέρι
751 1192 884 1256 ἐλθόντας
897 1193 968 1254 οἴδα·

168 1282 238 1341 οἶδὲ
253 1284 358 1341 ἐπείτε
379 1281 526 1356 διαβάντες
546 1280 596 1340 τάν
609 1280 701 1340 Ἀλυν
718 1280 846 1356 ποταμάν
865 1281 968 1359 ὁμιλη-

169 1397 224 1430 σαν
244 1375 280 1448 τῇ
295 1373 410 1452 Φρυγίῃ,
429 1369 462 1428 δι’
476 1368 561 1446 αὐτῆς
581 1369 763 1446 πορευόμενοι
783 1372 970 1452 παρεγένοντο

168 1465 195 1522 ἐς
209 1459 358 1522 Κελαινάς·
374 1460 417 1518 ἵνα
431 1459 519 1540 πηγαὶ
533 1457 695 1518 ἀναδιδοῦσι
708 1457 871 1534 Μαιάνδρου
885 1485 969 1520 ποτα·

166 1551 229 1624 μοῦ,
254 1547 298 1606 καὶ
323 1548 416 1625 ἑτέρου
441 1547 489 1606 οὐκ
514 1547 672 1611 ἐλάσσονος
695 1545 714 1624 ἢ
737 1547 908 1624 Μαιάνδρου,
931 1552 970 1628 τῷ

168 1635 273 1713 οὕνομα
293 1635 424 1717 τυγχάνει
445 1637 491 1696 ἐάν
505 1634 715 1714 Καταρρήκτης,
730 1635 760 1699 ἀς
774 1637 805 1706 ἐξ
818 1635 903 1712 αὐτῆς
919 1641 970 1714 τῆς

167 1723 272 1805 ἀγορῆς
284 1729 334 1800 τῆς
348 1725 506 1784 Κελαινέων
520 1723 688 1792 ἀνατέλλων,
703 1729 731 1788 ἐς
743 1723 792 1784 τάν
807 1724 970 1802 Μαίανδρον

168 1813 278 1872 ἐκδιδοῖ·
300 1818 329 1872 ἐν
342 1817 377 1892 τῇ
392 1812 466 1872 καὶὸ
480 1817 530 1872 τοῦ
545 1815 667 1887 Σιληνοῦ
681 1812 822 1890 Μαρσύεω
836 1811 924 1876 ἀσκάς
940 1817 970 1872 ἐν

167 1905 203 1982 τῇ
224 1901 293 1962 πόλι
315 1899 649 1978 ἀνακρέμαται,τάνῦπά
671 1905 787 1982 Φρυγῶν
807 1900 894 1982 λόγος
913 1903 970 1979 ἔχει

120 1989 220 2050 27ὗπά
243 1989 425 2052 ’Λπόλλωνος
448 1989 595 2066 ἐκδαρέντα
622 1988 876 2067 ἀνακρεμασθῆναι.
920 1988 970 2050 Ἐν

166 2079 254 2157 ταύτῃ
267 2083 302 2158 τῇ
316 2078 385 2138 πόλι
398 2077 608 2155 ἀποκατήμενος
622 2077 728 2141 Πύθιος
742 2077 757 2138 ἀ
774 2077 884 2147 Ἀτυος,
899 2076 969 2155 α’νήρ

167 2167 265 2236 Λυδάς,
280 2167 395 2236 ἐξείνισε
408 2167 460 2242 τὴν
472 2166 612 2243 βασιλέος
626 2166 762 2243 στρατιὴν
777 2169 874 2226 πᾶσαν
890 2167 970 2235 ξεινί-

169 2281 227 2314 οισι
244 2256 407 2336 μεγίστοισι
429 2255 474 2312 καὶ
495 2253 579 2314 αάτάν
592 2255 706 2331 Ξέρξεα,
720 2254 852 2334 χρήματά
873 2279 904 2314 τε
923 2258 969 2313 ἐπ-

169 2345 326 2424 αγγέλλετο
348 2342 524 2418 βουλόμενος
548 2347 575 2406 ἐς
598 2341 648 2402 τάν
674 2341 800 2419 πόλεμον
826 2342 969 2420 παρέχειν·

169 2433 416 2512 ἐπαγγελλομένου
437 2431 466 2489 δέ
484 2430 617 2509 χρήματα
631 2431 747 2502 Πυθίου,
763 2431 850 2507 εἴρετο
864 2430 971 2506 Ξέρξης

141 2570 144 2575 .
170 2521 304 2596 Περσέων
323 2519 388 2582 τούς
405 2518 566 2596 παρεόντας,
580 2519 622 2581 τίς
635 2545 666 2578 τε
680 2519 730 2579 ἐάν
743 2519 848 2596 ἀνδρῶν
861 2517 971 2582 Πύθιος

169 2609 215 2666 καὶ
229 2607 302 2668 κόσα
315 2607 446 2688 χρήματα
464 2607 628 2683 κεκτημένος
642 2607 847 2688 ἐπαγγέλλοιτο
864 2609 969 2675 ταῦτα;

172 2701 198 2756 οἶ
221 2697 250 2756 δὲ
272 2697 364 2757 εἶπαν·
393 2696 440 2755 “ιῖι
461 2699 594 2773 βασιλεῦ,
619 2693 699 2760 οὗτός
721 2702 782 2755 ἐστι
804 2695 834 2758 ὅς
855 2721 899 2755 τοι
921 2695 972 2754 τάν

170 2787 277 2864 πατέρα
292 2790 411 2862 Δαρεῖον
427 2784 586 2862 ἐδωρήσατο
599 2789 635 2864 τῇ
648 2785 828 2863 πλατανίστῳ
849 2788 885 2862 τῇ
904 2809 971 2861 χρυ

170 2875 222 2952 σέη
237 2874 282 2932 καὶ
296 2879 331 2952 τῇ
345 2873 471 2952 ἀμπέλῳ·
493 2871 523 2936 ὃς
536 2873 582 2930 καὶ
595 2877 643 2932 νῦν
657 2878 718 2932 ἐστι
738 2876 846 2949 πρῶτος
866 2871 971 2946 ἀνθρώ-

123 2964 161 3020 28
171 2989 230 3022 πων
242 2961 362 3042 πλούτῳ,
377 2965 432 3022 τῶν
445 2961 524 3037 ἡμεῖς
539 2961 623 3037 ἴδμεν,
637 2961 708 3036 μετά
729 2960 789 3020 σέ.”
830 2959 973 3037 Θωμιίσας

171 3050 200 3108 δὲ
218 3054 273 3110 τῶν
292 3051 377 3109 ἐπέων
396 3050 429 3109 τά
450 3053 610 3108 τελευταῖον
624 3051 737 3126 Ξέρξης,
755 3048 838 3112 οὖτάς
858 3047 973 3126 δεύτερα

171 3138 258 3214 εἴρετο
277 3137 386 3198 Πύθων
409 3136 499 3198 ὁκόσα
523 3139 549 3194 οἱ
574 3138 615 3213 εἴη
636 3139 784 3216 χρήματα;
810 3137 826 3198 ἀ
849 3137 879 3197 δὲ
902 3137 972 3196 εἷσε·

171 3225 218 3284 “ὦ
231 3227 365 3301 βασιλεῦ,
379 3224 442 3285 οὔτε
463 3250 498 3283 σε
518 3223 671 3303 ἀποκρύψω
693 3225 755 3286 οὔτε
775 3227 924 3305 σκήψομαι
939 3227 972 3286 τά

168 3315 208 3389 μη
229 3311 327 3371 εἰδέναι
344 3313 396 3388 την
414 3315 549 3389 ἐμεωυτοῦ
571 3312 677 3389 οὐσίην,
699 3313 764 3373 ἀλλ’
786 3313 974 3390 ἐπιστάμενός
