2250 3552
146 125 255 190 79-82]
454 126 643 176 KAAAIOIIH.
696 169 698 172 .
900 127 947 174 319

145 207 243 270 κλίνας
258 232 289 265 τε
307 203 474 284 ἐπιχρύσους
497 205 542 264 καὶ
564 204 742 286 ἐπαργύρους,
764 203 901 281 κρητῆράς
917 229 949 264 τε

144 295 291 373 χρυσέους,
307 293 353 351 καὶ
371 292 476 368 φιάλας
492 319 524 353 τε
544 294 591 352 καὶ
608 291 685 351 ἅλλα
702 292 859 369 ἐκπώματα·
881 292 949 351 σύκ-

146 409 209 446 κους
236 408 268 441 τε
297 379 338 440 ἐπ’
363 380 488 457 ιίμαξέων
516 381 651 458 εὕρισκον,
681 387 709 440 ἐν
732 383 808 440 τοῖσι
829 382 949 456 λέβητες

146 471 296 547 ἐφαίνοντο
310 467 429 533 ἐνεόντες
443 470 563 549 χρύσεοί
578 495 612 532 τε
627 471 673 529 καὶ
691 468 829 550 ιίργύρεοι·
850 468 907 529 όπό
919 495 949 529 τε

145 563 200 619 τῶν
215 559 345 636 κειμένων
359 561 461 634 νεκρῶν
475 557 626 617 ἐσκύλευον
640 557 727 635 ψέλιά
742 584 772 617 τε
786 558 833 616 καί
847 583 948 635 στρεπ-

146 647 216 720 τούς,
247 647 293 705 καὶ
318 644 383 708 τούς
410 643 562 715 ιίκινόκεας,
591 645 685 708 ἐόντος
711 646 856 724 χρυσέους·
891 647 951 705 ἐπεὶ

147 736 267 812 ἐσθῆτός
288 761 321 816 γε
341 736 470 810 ποικίλης
491 734 578 814 λόγος
605 735 710 814 ἐγίνετο
731 733 793 792 ούδέ
821 734 867 796 εἰς.
910 739 950 793 ἐν·

147 825 236 883 θαῦτα
260 821 358 881 πολλὰ
380 824 432 898 μὲν
457 823 622 884 κλέπτοντες
646 820 768 880 ἐπώλεον
792 821 862 897 πρός
887 821 952 886 τούς

148 911 298 992 Αἰγινήτας
319 913 346 969 οἱ
367 911 484 980 εἵλωτες,
506 910 604 968 πολλὰ
628 909 657 968 δὲ
678 910 723 967 καὶ
743 909 951 979 ἀπεδείκνυσαν,

147 998 203 1058 ὅσα
217 999 321 1060 αύτέων
335 997 384 1058 ούκ
402 997 446 1057 οἷό
465 1025 495 1057 τε
512 997 546 1073 ἣν
565 997 676 1074 κρύψαι·
698 995 771 1056 ὥστε
785 996 952 1078 Αἰγινήτῃσι

148 1091 175 1146 οἰ
187 1087 309 1168 μεγάλοι
325 1090 443 1146 πλοῦτοι
462 1087 552 1164 ἀρχήν
572 1087 695 1145 ἐνθεῦτεν
715 1085 849 1166 ἐγένοντο,
865 1084 891 1143 οἰ
903 1084 952 1145 τόν

147 1174 264 1254 χρυσόν,
279 1175 328 1234 ἅτε
342 1174 422 1234 ἐόντα
435 1173 546 1254 χαλκόν
561 1174 651 1249 δῆθεν,
663 1173 738 1252 παριί
751 1177 806 1232 τῶν
820 1174 953 1232 εἱλωτέων

149 1262 273 1324 αἰνέοντο.
317 1263 557 1342 Συμφορήσαντες
571 1263 600 1320 δὲ
614 1263 649 1320 τιί
662 1261 802 1341 χρήματα,
817 1262 862 1319 καὶ
876 1261 952 1320 δεκύ·
961 1263 997 1321 81

148 1377 198 1427 την
212 1351 353 1421 ἐξελόντες
369 1356 408 1430 τῷ
427 1356 455 1411 ἐν
470 1354 615 1426 Δελφοῖσι
630 1351 690 1428 θεῷ,
704 1349 751 1409 ἀπ’
765 1347 799 1426 ἧς
812 1349 828 1409 ό
840 1351 952 1424 τρίπους

149 1439 165 1498 ό
181 1439 301 1519 χρύσεος
318 1439 472 1516 ἀνετέθηό
492 1439 537 1498 ἐπὶ
555 1441 605 1498 τοῦ
625 1437 790 1516 τρικαρήνου
806 1437 887 1514 ὄφιος
899 1443 950 1498 τοῦ

148 1529 272 1607 χαλκέου
293 1526 430 1590 ἐπεστειίς
451 1526 575 1608 ἄγχιστα
596 1530 646 1587 τοῦ
665 1528 775 1604 βωμοῦ·
800 1527 845 1586 καὶ
866 1531 904 1606 τῷ
924 1531 953 1586 ἐν

149 1613 293 1695 Ὀλυμπίῃ
310 1617 363 1696 θεῷ
382 1615 530 1686 ἐξελόντες,
546 1613 593 1674 ἀπ’
606 1612 639 1690 ἧς
657 1614 814 1695 δεκάπηχυν
831 1615 953 1694 χάλκεον

150 1703 206 1763 Δία
225 1703 371 1780 ἀνέθηκαν·
394 1705 439 1762 καὶ
457 1707 496 1782 τῷ
514 1709 542 1762 ἐν
560 1702 666 1782 Ἰσθμῷ
685 1704 744 1782 θεῷ,
760 1703 806 1762 ἀπ’
820 1701 853 1778 ἧς
872 1702 953 1761 ἐπτύ-

150 1818 240 1872 πηχυς
247 1792 368 1871 χάλκεος
376 1793 536 1852 Ποσειδέων
545 1792 692 1873 ἐξεγένετο·
706 1795 794 1850 ταῦτα
805 1790 953 1860 ἐξελόντες,

150 1880 185 1940 τιί
203 1879 292 1940 λοιπιί
313 1880 537 1958 διαιρέοντο,καί
556 1881 662 1956 ἔλαβον
682 1880 795 1938 ἔκαστοι
808 1882 862 1938 τῶν
881 1877 953 1947 ἄξιοι

150 1967 233 2044 ἦσαν,
258 1968 304 2028 καί
331 1969 380 2032 τιίς
406 1966 556 2030 παλλακιίς
582 1971 637 2027 τῶν
663 1970 805 2044 Περσέων,
834 1967 879 2024 καὶ
904 1967 954 2028 τόν

151 2057 266 2136 χρυσόν,
281 2057 389 2118 καὶτὸν
408 2057 536 2138 ἄργυρον,
558 2057 604 2114 καὶ
622 2053 699 2114 ἄλλα
714 2054 845 2134 χρήματά
863 2081 894 2114 τε
907 2056 953 2114 καὶ

150 2145 292 2228 ύποζύγισ.
337 2145 394 2206 ὅσα
406 2147 458 2222 μέν
472 2171 519 2204 νυν
536 2145 661 2221 ἐξαίρετα
677 2147 753 2202 τοῖσι
768 2141 954 2220 ἀριστεύσασι

152 2233 254 2296 αύτέων
268 2239 297 2294 ἐν
314 2238 481 2312 Πλαταιῇσι
498 2231 636 2308 ἐδόθη,ού
657 2232 769 2312 λέγεται
785 2230 855 2308 πρός
875 2229 953 2291 ούδα-

151 2327 220 2398 μῶν·
235 2323 320 2382 δοκέω
333 2321 356 2381 δ’
367 2325 452 2403 ἔγωγε
467 2321 512 2380 καὶ
525 2319 651 2380 τούτοισι
665 2320 788 2396 δοθῆναι·
804 2321 953 2400 Παυσανίῃ

152 2410 182 2470 δέ
191 2410 283 2471 πάντα
294 2410 359 2469 δέκα
371 2410 498 2486 ἐξαιρέθη
511 2434 542 2469 τε
557 2407 602 2466 καὶ
616 2407 707 2484 ἐδόθη,
717 2413 851 2490 γυναῖκες,
864 2409 953 2480 ἵπποι,

152 2498 284 2568 τάλαντα,
306 2497 436 2574 κάμηλοι,
458 2497 492 2560 εἰς
513 2497 542 2556 δὲ
563 2495 649 2560 αὕτως
670 2499 715 2556 καὶ
735 2497 771 2556 ταὶ
791 2496 868 2556 ἄλλα
887 2497 955 2576 χρή-

152 2613 236 2664 ματα.
278 2587 397 2667 Λέγεται
419 2587 448 2644 δέ
476 2586 521 2644 καὶ
541 2584 606 2644 τάδε
626 2585 766 2666 γενέσθαι·
795 2584 830 2648 εἰς
850 2586 1000 2662 Ξέρξηςὸἱί

153 2675 263 2756 φεύγων
277 2679 307 2734 ἐκ
325 2678 375 2750 τῆς
389 2673 529 2738 Ἑλλάδος
548 2673 695 2752 Μαρδονίῳ
714 2673 765 2748 τήν
782 2673 956 2747 κατασκευήν

154 2765 305 2822 καταλίποι
324 2762 375 2838 τήν
396 2766 505 2822 ἑωυτοῦ·
528 2762 693 2837 Παυσανίην
711 2760 754 2832 ὧν,
770 2759 884 2836 ὀρέοντο
897 2760 956 2843 τήν

154 2852 315 2929 Μαρδονίου
343 2849 517 2926 κατασκευήν
539 2853 636 2928 χρυσῷ
662 2874 693 2907 τε
713 2849 759 2908 καὶ
780 2847 888 2928 ἀργύρῳ
910 2850 955 2908 καί

154 2939 395 3018 παραπετάσμασι
408 2939 564 2998 ποικίλοισι
578 2936 849 3013 κατασκευασμένην,
864 2939 957 2995 κελεῦ-

154 3055 205 3090 σαι
224 3029 289 3092 τούς
308 3055 338 3088 τε
358 3026 530 3106 ἀρτοκόπους
550 3026 596 3085 καὶ
622 3025 686 3089 τούς
710 3025 861 3104 ὀψοποιούς
885 3023 955 3084 κατιί

154 3116 242 3178 ταύτιί
263 3116 352 3179 καθυίς
372 3115 520 3194 Μαρδονίῳ
541 3114 651 3174 δεῖπνον
671 3112 899 3190 παρασκευάζειν·
921 3111 956 3176 αἷς

155 3206 185 3265 δέ
213 3204 389 3281 κελευόμενοι
416 3201 493 3262 οὗτοι
515 3203 622 3262 ἐποίευν
645 3206 740 3276 ταῦτα,
764 3202 882 3261 ἐνθαῦτα
904 3199 954 3258 τόν

140 3302 143 3308 ’
157 3292 331 3368 Παυσανίην,
348 3291 440 3352 ἰδόντα
457 3289 551 3350 κλίνας
566 3314 597 3347 τε
614 3289 738 3366 χρυσέας
757 3288 802 3346 καὶ
822 3286 956 3364 ἀργυρέας
