2276 3554
180 148 226 195 1⁵4
479 147 660 194 ‘HPOAOTO'I'
902 147 978 211 [VH.

180 226 277 295 λακάς,
292 226 338 284 καὶ
356 225 508 302 θεραπηίην
529 225 642 301 πολλήν
660 252 690 286 τε
707 228 753 285 καὶ
767 226 796 286 εὖ
811 230 981 304 ἐσκευασμέ-

180 341 238 390 νην·
260 317 326 374 σῖτα
348 313 379 372 δέ
400 322 463 390 σφι,
482 314 566 392 χωρὶς
586 319 641 374 τῶν
663 314 760 375 άλλων
781 316 981 392 στρατιωτέων,

180 403 305 478 κάμηλοί
314 429 345 462 τε
359 404 404 461 καὶ
418 401 554 483 ὑποζύγια
568 401 644 484 ἦγον.

132 495 170 551 84
219 491 341 550 Ἱππεύει
354 491 384 550 δέ
396 497 484 552 ταῦτα
493 491 533 550 τά
547 493 635 551 ἔθνεα·
649 489 726 568 πλὴν
739 491 771 551 ού
784 491 876 552 πάντα
885 494 981 570 παρεί·

177 607 244 660 χετο
266 581 358 650 ἵππον,
381 580 458 639 ἀλλά
479 579 583 640 τοσάδε
601 584 701 656 μοῦνα·
722 581 836 658 Πέρσαι
851 585 910 658 μὲν,
928 583 980 658 τὴν

178 668 263 744 αὐτὴν
285 670 486 748 ἐσκευασμένοι
508 669 554 728 καὶ
576 668 591 728 ὁ
613 669 696 739 πεζὸς
717 667 814 729 αὐτῶν·
836 670 912 746 πλήν
934 673 980 729 ἐπὶ

177 761 244 836 τῇσι
263 763 406 837 κεφαλῇσι
428 758 505 837 εἶχον
522 757 694 835 μετεξέτεροι
709 757 797 818 αὐτῶν
811 759 857 816 καὶ
871 758 980 837 χάλκεα

130 849 168 906 85
178 848 223 905 καὶ
242 847 357 923 σιδήρεα
376 847 567 923 ἐξεληλαμένα
585 845 735 922 ποιήματα
779 847 846 905 Εἰσὶ
865 847 896 904 δέ
908 873 981 910 τινες

177 934 293 1012 νομάδες
311 936 451 1013 ἄνθρωποι
470 934 623 1015 Σαγάρτιοι
643 933 815 1011 καλεύμενοι,
830 935 907 997 ἔθνος
927 939 980 1012 μὲν

178 1023 319 1102 Περσικὸν
333 1026 379 1083 καὶ
394 1029 481 1103 φωνῇ,
493 1023 597 1098 σκευὴν
611 1023 640 1082 δέ
653 1023 757 1100 μεταξύ
772 1025 869 1103 έχουσι
882 1049 979 1084 πεποι-

176 1113 279 1189 ημένην
292 1118 342 1189 τῆς
355 1140 386 1173 τε
400 1117 542 1190 Περσικῆς
557 1113 603 1171 καὶ
616 1117 666 1188 τῆς
677 1117 847 1188 Πακτυῖκῆς·
869 1113 895 1171 οἳ
908 1139 978 1190 παρ-

177 1203 284 1280 είχοντο
304 1205 356 1278 μὲν
378 1204 463 1261 ἵππον
481 1201 703 1281 ὀκτακισχιλίην,
719 1201 795 1260 ὅπλα
809 1201 838 1260 δέ
852 1199 883 1260 ού
902 1204 978 1280 νομί-

175 1291 255 1360 ζουσι
269 1293 341 1369 ἔχειν
355 1291 418 1350 ούτε
438 1292 546 1370 χάλκεα
567 1290 631 1350 ούτε
651 1289 776 1367 σιδήρεα,
792 1291 841 1359 ἔξω
863 1295 977 1371 ἐγχειρι-

175 1377 246 1438 δίων·
267 1381 402 1458 χρέωνται
413 1381 442 1438 δέ
453 1385 567 1458 σειρῇσι
577 1379 789 1460 πεπλεγμένῃσι
804 1379 834 1447 ἐξ
848 1378 976 1454 ἱμάντων·
1028 1393 1033 1401 ’

174 1466 293 1544 ταύτῃσι
313 1469 426 1527 πίσυνοι
448 1470 576 1548 ἔρχονται
597 1474 624 1531 ἐς
642 1466 778 1542 πόλεμον.
819 1465 881 1542 ἡδέ
897 1467 977 1547 μάχη

174 1554 277 1615 τούτων
297 1561 352 1616 τῷν
373 1556 478 1633 άνδρῶν
498 1557 556 1633 ἥδε·
585 1556 667 1615 ἐπεάν
691 1556 876 1638 συμμίσγωσι
899 1560 977 1622 τοῖσι

173 1645 345 1722 πολεμίοισι,
359 1646 507 1722 βάλλουσι
526 1646 576 1709 τάς
596 1643 693 1721 σειράς
707 1643 748 1702 ἐπ’
763 1643 836 1722 άκρῳ
850 1644 976 1723 βρόχους

174 1733 303 1812 ἐχούσας·
324 1733 387 1794 ὅτευ
408 1733 430 1793 δ’
444 1734 479 1794 ἂν
494 1733 574 1813 τύχη,
588 1732 622 1810 ἦν
634 1759 665 1792 τε
681 1733 767 1791 ἵππου
781 1731 815 1808 ἦν
827 1759 858 1791 τε
872 1731 975 1809 άνθριύ-

172 1847 235 1890 που,
250 1821 292 1881 ἐπ’
307 1823 407 1884 έωυτδν
427 1824 511 1882 ἐλκει·
533 1826 560 1881 οἱ
578 1823 607 1881 δέ
626 1827 655 1880 ἐν
674 1821 767 1899 ἐρκεσι
788 1821 975 1897 ἐμπαλασσό-

171 1935 250 1985 μενοι
271 1912 488 1988 διαφθείρονται·
509 1911 613 1970 τούτων
631 1913 682 1987 μὲν
704 1909 773 1984 αὕτη
786 1907 805 1985 ἦ
818 1907 906 1988 μάχη·
929 1910 976 1968 καὶ

125 2000 162 2056 86
173 2000 359 2080 ἐπετετάχατο
379 2005 406 2064 ἐς
426 2001 492 2063 τούς
505 2001 626 2076 Πέρσας.
670 1998 766 2074 Μῆδοι
779 1998 809 2056 δέ
822 1997 925 2076 τήνπερ
945 2004 976 2060 ἐν

172 2092 209 2166 τῷ
222 2090 295 2168 πεζῷ
311 2089 387 2169 εἶχον
406 2089 518 2165 σκευήν·
541 2089 587 2147 καὶ
601 2089 721 2147 Κίσσιοι
743 2085 882 2150 ὦσαύτως.
924 2087 974 2148 Ἰν-

172 2176 214 2234 δοὶ
229 2177 258 2235 δέ
271 2183 358 2256 σκευῇ
371 2180 423 2254 μέν
436 2177 596 2256 ἐσεσάχατο
609 2181 646 2254 τῇ
655 2175 726 2255 αὐτῇ
741 2176 785 2233 καὶ
800 2181 828 2234 ἐν
841 2180 879 2254 τῷ
891 2177 973 2255 πεζῷ,

171 2264 294 2340 ἤλαυνον
316 2266 344 2325 δέ
367 2268 485 2342 κέλητας
504 2267 550 2324 καὶ
569 2264 688 2342 ἅρματα·
710 2264 765 2323 ύπδ
782 2264 811 2322 δέ
832 2267 907 2322 τοῖσι
927 2291 973 2341 αρ-

170 2379 243 2429 μασι
261 2352 374 2430 ύπῆσαν
397 2355 477 2414 ἵπποι
499 2355 544 2412 καὶ
562 2353 621 2414 ὄνοι
643 2352 745 2434 ἄγριοι.
789 2351 922 2427 Βάκτριοι
944 2354 974 2412 δέ

171 2442 339 2502 ἐσκευάδατο
361 2442 491 2506 ῷσαύτως
510 2444 555 2501 καὶ
575 2449 603 2502 ἐν
621 2447 659 2520 τῷ
677 2442 756 2520 πεζῷ,
777 2441 822 2500 καὶ
845 2440 973 2502 Κάσπιοι

171 2529 279 2605 ὁμοίως.
321 2532 427 2606 Λίβυες
447 2533 476 2591 δὲ
498 2533 543 2589 καὶ
564 2530 643 2590 αὐτοὶ
660 2529 782 2606 κατάπερ
797 2533 826 2588 ἐν
839 2531 877 2606 τῷ
890 2531 973 2609 πεζῷ·

170 2617 291 2694 ἤλαυνον
307 2621 336 2679 δέ
355 2621 400 2679 καὶ
422 2618 498 2680 οὗτοι
519 2619 620 2682 πάντες
636 2619 756 2695 ἅρματα.
799 2615 835 2680 ὣς
849 2616 871 2674 δ’
886 2616 973 2681 οὕτως

171 2707 330 2786 Κάσπειροι
351 2710 397 2767 καὶ
411 2709 578 2787 Παρικάνιοι
595 2706 754 2786 ἐσεσάχατο
769 2706 869 2783 ὁμοίως
884 2707 929 2764 καὶ
944 2712 973 2766 ἐν

168 2799 206 2874 τῷ
224 2799 305 2876 πεζῷ.
346 2797 478 2874 Ἀράβιοι
492 2799 521 2856 δὲ
535 2795 639 2872 σκευήν
652 2799 703 2872 μὲν
718 2796 794 2874 εἶχον
812 2794 864 2870 τήν
885 2793 973 2870 αύτὴν

168 2883 203 2959 ἢν
225 2885 270 2943 καὶ
292 2890 321 2945 ἐν
341 2890 379 2964 τῷ
401 2888 482 2966 πεζῷ·
504 2885 627 2961 ἤλαυνον
648 2885 678 2943 δέ
700 2884 800 2946 πάντες
819 2882 970 2958 καμήλους,

122 2973 159 3030 87
168 2978 310 3051 ταχυτῆτα
332 2973 364 3033 ού
386 2977 551 3051 λειπομένας
576 2975 675 3033 ἵππων.
718 2977 813 3032 Ταῦτα
834 2970 870 3031 τά
892 2971 907 3028 ἐ
924 2998 971 3031 νεα

167 3064 257 3134 μοῦνα
279 3061 401 3122 ἵππευεν·
423 3062 540 3138 α’ριθμός
554 3063 583 3120 δέ
595 3067 646 3138 τῆς
661 3063 747 3121 ἵππου
769 3063 877 3142 ἐγένετο
899 3058 972 3119 άκτιδ

167 3148 304 3222 μυριάδες,
317 3150 407 3226 πάρεξ
418 3155 473 3210 τῶν
488 3151 619 3226 καμήλων
634 3151 679 3208 καὶ
693 3154 747 3209 τῷν
761 3149 901 3227 ἁρμάτων.
945 3153 971 3208 οἶ

166 3235 219 3310 μέν
239 3262 287 3294 νυν
305 3237 389 3295 ἄλλοι
409 3239 503 3300 ἱππέες
522 3238 672 3317 ἐτετάχατο
692 3238 762 3297 κατά
780 3239 872 3306 τέλεα,
887 3235 971 3312 Ἀρά-

167 3322 227 3394 βιοι
248 3323 278 3380 δέ
300 3325 415 3402 ἔσχατοι
437 3326 633 3404 ἐπετετάχατο·
656 3325 705 3384 ἅτε
725 3325 781 3407 γάρ
803 3329 858 3385 τῶν
879 3325 971 3384 ἵππων
