2276 3554
131 181 170 238 ιιι,
186 178 230 242 οι]
476 177 588 224 πειτα.
901 177 932 222 οι

125 256 311 320 ἀποδιδόντες
335 258 441 316 ποιέετε
465 257 539 326 ὅσια,
565 257 611 315 καὶ
633 282 673 333 μη
699 255 875 319 ἀποδιδόντες
897 255 934 315 τά

131 347 242 406 ἐναντία
255 345 368 406 τούτων·
389 344 482 415 όκοῖον
495 347 590 422 μέντοι
603 371 632 405 τι
646 349 674 405 ἐν
687 349 722 424 τῇ
736 344 851 424 Σπάρτῃ
868 371 932 404 συν-

131 434 247 512 ηνείχθη
267 433 401 514 γενέσθαι
425 435 489 510 περὶ
509 431 680 510 παραθήκης,
702 432 846 510 βούλομαι
868 431 934 509 ύμῖν

131 521 215 580 εἶπαι.
259 521 379 602 λέγομεν
399 520 479 598 ήμεῖς
501 525 527 581 οἶ
549 523 731 598 Σπαρτιῆται,
752 521 884 601 γενέσθαι
905 525 933 579 ἐν

130 613 166 688 τῇ
187 609 375 685 Λακεδαίμονι
399 609 470 668 κατὰ
492 609 588 686 τρίτην
608 608 706 689 γενεήν
727 608 779 684 τήν
800 607 847 666 ἀπ’
869 610 933 684 ἐμέο

130 702 261 757 Γλαῦκον
274 696 435 760 Ἐπικύδεος
448 697 544 756 παῖδα·
565 701 665 757 τοῦτον
678 697 728 757 τόν
741 695 827 773 ἀνδρα
840 699 934 772 φαμὲν

129 785 216 844 τότε
235 784 312 844 ἀλλα
332 783 424 844 πάντα
444 784 584 861 περιήκειν
604 785 640 844 τὰ
660 790 764 861 πρῶτα,
780 785 825 843 καὶ
839 784 872 860 δή
887 785 933 842 καὶ

130 872 241 932 ἀκούειν
262 871 364 950 ἄριστα
386 872 561 949 δικαιοσύνης
582 874 647 950 πέρι
667 873 777 933 πόντων
798 872 862 932 ὅσοι
881 872 933 947 τήν

130 962 327 1038 Λακεδαίμονα
341 965 440 1020 τοῦτον
452 961 502 1021 τόν
515 961 617 1039 χρόνον
635 962 734 1021 οἴκεον·
756 961 932 1039 συνενειχθῆ-

130 1075 177 1109 ναι
198 1050 230 1109 δέ
247 1053 274 1109 οἱ
292 1055 321 1110 ἐν
338 1048 429 1129 χρόνῳ
447 1049 594 1128 ἱκνευμένῳ
614 1049 680 1110 τόδε
696 1051 826 1130 λέγομεν·
847 1049 932 1125 ἄνδρα

132 1138 279 1214 Μιλήσιον
292 1137 459 1214 ἀπικόμενον
473 1142 500 1200 ἐς
515 1135 647 1215 Σπόρτην
660 1137 820 1214 βούλεσθαι
841 1139 867 1196 οἱ
888 1142 932 1195 ἐλ·

132 1227 192 1286 θεῖν
208 1233 236 1290 ές
252 1226 362 1308 λόγους,
382 1226 589 1304 προϊσχόμενον
610 1225 712 1286 τοιόδε·
737 1227 792 1302 εἰμὶ
810 1228 861 1302 μὲν
878 1231 932 1283 Μι-

131 1315 242 1390 λήσιος,
255 1313 312 1390 ήκω
331 1314 361 1373 δὲ
378 1318 428 1390 τῆς
447 1318 508 1390 σῆς,
523 1318 641 1384 Γλαῦκε,
656 1313 831 1390 βουλόμενος
848 1312 932 1372 δικαι-

131 1401 235 1478 οσύνης
253 1401 425 1461 ἀπολαῦσαι·
448 1401 483 1464 ιύς
495 1401 550 1482 γάρ
572 1401 606 1477 δή
627 1401 680 1462 α’νά
698 1405 795 1462 πᾶσαν
812 1404 864 1479 μέν
881 1401 932 1478 τήν

131 1488 226 1566 ἀλλην
238 1489 372 1559 Ἑλλάδα,
387 1495 416 1550 ἐν
436 1489 466 1548 δὲ
487 1491 532 1548 καὶ
545 1490 609 1566 περὶ
621 1488 734 1566 Ἰωνίην,
748 1489 798 1566 τῆς
820 1495 873 1566 οής
893 1489 930 1548 δι-

131 1579 281 1654 καιοσύνης
294 1578 329 1653 ἦν
342 1577 428 1658 λόγος
441 1578 557 1647 πολλός,
567 1581 691 1656 ἐμεωυτῷ
704 1577 806 1659 λόγους
817 1579 929 1648 ἐδίδουν,

131 1666 179 1724 καὶ
192 1665 236 1725 ὅτι
250 1665 417 1728 ἐπικίνδυνός
431 1671 492 1725 ἐστι
506 1667 561 1724 αἰεί
573 1665 670 1742 κοτεή
684 1667 774 1742 Ἰωνίη
794 1666 813 1742 ἦ
829 1667 859 1725 δὲ
873 1673 929 1724 Πε-

130 1753 310 1830 λοπόννησος
327 1752 478 1828 ἀσφαλέως
497 1753 634 1830 ἱδρυμένη,
649 1753 694 1812 καὶ
710 1753 780 1812 διότι
800 1754 932 1834 χρήματα

131 1839 242 1918 οὖδαμά
254 1841 318 1904 τούς
332 1840 431 1904 αύτούς
444 1847 505 1900 ἐστι
518 1840 586 1919 ὁρᾶν
607 1842 729 1920 ἔχοντας·
750 1841 837 1901 ταῦτά
850 1867 881 1900 τε
896 1840 932 1900 ὧν

131 1930 321 2010 ἐπιλεγομένῳ
340 1929 385 1988 καὶ
405 1930 601 2008 βουλευομένῳ
623 1929 698 1998 ἔδοξέ
717 1955 766 2005 μοι
779 1929 815 1988 τά
827 1929 932 2005 ἡμίσεα

131 2017 227 2094 πάσης
243 2022 293 2093 τῆς
311 2016 409 2094 ούσίης
430 2017 660 2099 ἐξαργυρώσαντα
681 2018 782 2077 θέσθαι
798 2015 874 2093 παρά
888 2019 930 2090 σὲ,

132 2105 163 2165 εὖ
176 2106 382 2186 ἐξεπισταμένῳ
396 2105 431 2169 ὥς
443 2131 492 2182 μοι
506 2107 616 2182 κείμενα
627 2107 707 2165 ἐσται
719 2104 797 2182 παρὰ
807 2106 855 2164 σοὶ
866 2104 931 2165 σόα·

131 2193 170 2253 σύ
183 2193 218 2270 δή
231 2220 280 2270 μοι
294 2195 339 2252 καὶ
356 2193 392 2253 τά
408 2192 539 2272 χρήματα
560 2193 635 2262 δέξαι
656 2193 701 2252 καὶ
721 2193 787 2252 τόδε
807 2193 843 2252 τό
861 2193 931 2271 σύμ·

130 2283 212 2358 βολα
232 2283 305 2352 σῶζε
326 2281 435 2358 λοβόν·
457 2280 487 2344 δς
509 2280 531 2340 δ’
548 2279 582 2340 ἀν
604 2283 673 2360 ἔχων
693 2285 781 2341 ταῦτα
802 2281 929 2362 ἀπαιτέῃ,

130 2369 220 2448 τούτῳ
230 2369 390 2429 ἀποδοῦναι·
412 2369 428 2429 ό
441 2369 536 2446 μὲνδὴ
551 2369 606 2428 ἀπό
616 2369 746 2445 Μιλήτου
759 2370 832 2446 ἥκων
844 2371 931 2440 ξεῖνος

130 2463 258 2517 τοσαῦτα
275 2458 360 2527 ἔλεξε·
381 2461 509 2520 Γλαῦκος
529 2458 558 2516 δὲ
580 2457 690 2527 ἐδέξατο
704 2458 754 2534 τήν
767 2459 932 2536 παραθήκην

132 2546 179 2605 ἐπὶ
192 2549 230 2624 τῷ
244 2547 375 2624 εἰρημένῳ
389 2544 473 2626 λόγῳ·
487 2544 589 2624 χρόνου
602 2545 631 2604 δέ
642 2550 754 2605 πολλοῦ
766 2547 931 2616 διελθόντος,

131 2633 222 2710 ἦλθον
236 2639 263 2697 ἐς
275 2634 327 2709 τήν
341 2633 473 2710 Σπάρτην
493 2633 592 2693 τούτου
611 2637 661 2694 τοῦ
682 2635 875 2712 παραθεμένου
895 2634 931 2692 τά

130 2721 263 2801 χρήματα
277 2725 304 2780 οἳ
317 2722 421 2784 παῖδες·
444 2720 572 2784 ἐλθόντες
589 2721 618 2780 δὲ
635 2727 661 2785 ἐς
674 2721 776 2803 λόγους
789 2726 827 2800 τῷ
841 2721 931 2780 Γλαύ·

131 2837 170 2890 κῳ
184 2811 231 2868 καὶ
245 2809 452 2873 ἀποδεικνύντες
463 2808 500 2868 τοὶ
513 2811 658 2886 σύμβολα,
670 2810 802 2869 ἀπαίτεον
814 2809 849 2868 ταὶ
863 2809 930 2888 χρή-

129 2924 217 2977 ματα·
238 2897 254 2958 ό
273 2899 304 2956 δὲ
324 2897 450 2956 διωθέετο
469 2895 731 2975 ἀντυποκρινόμενος
744 2897 846 2956 τοιοίδε·
869 2896 932 2957 ούτε

129 2988 275 3064 μέμνημαι
294 2985 328 3045 τό
348 2989 473 3066 πρῆγμα,
489 2984 551 3046 ούτε
564 3012 600 3062 με
613 2986 758 3063 περιφέρει
772 2984 850 3045 οὐδὲν
867 2986 932 3044 εἶδέ·

130 3101 176 3136 ναι
192 3075 296 3134 τούτων
313 3077 369 3132 τῶν
382 3073 459 3149 ὑμεῖς
479 3076 584 3154 λέγετε,
598 3073 745 3150 βούλομαί
762 3099 792 3131 τε
813 3071 932 3148 ἀναμνη-

130 3163 210 3226 σθεὶς
231 3163 336 3222 ποιέειν
356 3164 412 3220 πᾶν
429 3161 462 3220 τό
487 3161 600 3220 δίκαιον·
629 3160 675 3216 καὶ
697 3159 751 3238 γάρ
772 3163 795 3216 εἰ
817 3160 930 3232 ἔλαβον,

130 3249 221 3328 όρθῶς
238 3248 400 3309 ἀποδοῦναι·
422 3249 468 3307 καὶ
484 3248 514 3305 ἐἴ
534 3273 567 3328 γε
586 3245 676 3323 ἀρχὴν
697 3244 737 3320 μὴ
756 3245 870 3317 ἔλαβον,
889 3244 932 3302 νό·

130 3365 213 3418 μοισι
233 3341 310 3397 τοῖσι
323 3335 470 3412 Ἑλλήνων
483 3335 628 3412 χρήσομαι
642 3336 668 3392 ἐς
681 3329 774 3404 ὖμέας·
795 3333 883 3388 ταῦτα
897 3329 933 3388 ὧν

140 3421 174 3471 ss.
196 3423 227 3468 ·8

126 3501 136 3519 ,
