2282 3550
173 166 221 214 202
481 167 665 214 ἨΡΟΔΟΤΟΤ
895 165 970 228 [VIL'

169 245 336 321 Λαφυστίου
348 245 424 308 Διός·
447 245 482 308 ιός
491 246 617 323 Ἀθάμας
627 246 642 306 ὁ
654 245 760 306 Αἰόλου
772 245 971 326 ἐμηχανήσατο

169 334 259 412 Φρίξῳ
285 333 381 410 μόρον,
403 333 457 393 σύν
478 333 545 394 Ἰνοῖ
563 333 735 411 βουλεύσας·
763 335 917 411 μετέπειτα
932 335 970 409 δέ,

170 421 205 484 ὦς
226 427 256 480 ἐκ
277 421 445 499 θεοπροπίου
460 421 572 502 Ἀχαιοὶ
591 424 750 500 προτιθεῖσι
770 427 846 482 τοῖσι
868 424 972 484 ἐκείνου

170 509 336 590 ἀπογόνοισι
357 508 475 573 α’έθλους
494 510 632 570 τοιούσδε·
661 510 691 574 ὃς
711 509 745 570 ἂν
765 508 783 590 ᾖ
803 515 853 570 τοῦ
878 512 973 592 γένεος

169 598 268 674 τούτου
295 596 500 675 πρεσβύτατος,
523 598 612 679 τούτῳ
640 599 816 668 ἐπιτάξαντες
840 601 973 680 ἔργεσθαι

169 691 219 745 τοῦ
239 687 414 763 πρυτανηίου,
438 685 516 746 αὐτοὶ
535 687 664 763 φυλακάς
684 689 791 766 ἔχουσι·
813 687 922 764 (λη’ἳτον
944 689 973 746 δὲ

172 775 306 834 καλέουσι
322 773 356 834 τό
375 773 543 851 πρυτανήιον
560 769 586 834 οἷ
599 775 732 855 Ἀχαιοί)
752 774 787 852 ἢν
808 776 837 834 δὲ
858 777 971 856 ἐσέλθῃ,

123 909 126 912 -
172 861 222 922 ούκ
237 863 297 922 ἐστι
311 861 380 926 ὅκως
394 863 479 932 ἔξεισι
495 865 561 940 πρὶν
574 861 592 934 ἢ
607 862 745 924 θύσεσθαι
758 865 861 942 μέλλῃ·
890 863 925 926 ὦς
942 892 973 924 τε

172 953 211 1011 ἔτι
224 951 295 1029 πρός
310 951 444 1020 τούτοισι,
458 953 565 1011 πολλοὶ
585 949 638 1028 ἤδη
658 957 713 1011 τῶν
731 951 893 1028 μελλόντων
911 953 973 1012 τού-

169 1067 223 1100 των
250 1040 396 1112 θύσεσθαι,
426 1040 574 1112 δείσαντες,
603 1042 715 1120 οἴχοντο
747 1039 916 1116 ἀποδράντες
947 1047 974 1105 ἐς

172 1127 264 1205 ἄλλην
285 1129 387 1208 χώρην·
414 1128 516 1207 χρόνου
541 1129 570 1188 δὲ
592 1129 737 1205 προϊόντος
761 1128 853 1187 ὀπίσω
875 1134 973 1188 κατελ-

172 1217 273 1288 θόντες,
288 1215 322 1293 ἢν
341 1216 511 1276 α’λίσκωνται
529 1216 694 1279 ἐσελθόντες
708 1222 736 1280 ἐς
748 1215 782 1276 τό
796 1217 973 1293 πρυτανήῗον,

171 1305 207 1368 οἷς
227 1306 324 1365 θύεταί
341 1331 379 1374 τε,
403 1306 557 1386 ἐξηγέοντο,
579 1306 724 1382 στέμμασι
745 1309 800 1368 πᾶς
821 1306 974 1370 πυκασθεὶς

172 1394 218 1452 καὶ
238 1393 272 1456 ὥς
290 1395 343 1454 σύν
362 1398 462 1470 πομπῇ
481 1395 615 1472 ἐξαχθείς·
637 1398 724 1453 ταῦτα
739 1394 768 1452 δὲ
785 1393 931 1471 πάσχουσι
948 1398 975 1454 οἱ

172 1481 359 1558 Κυτισσώρου
385 1486 436 1540 τοῦ
471 1482 574 1558 Φρίξου
601 1481 699 1544 παιδός
732 1481 876 1562 οἷπόγονοι,
904 1482 973 1542 διότι

172 1569 314 1644 καθαρμόν
337 1575 387 1645 τῆς
407 1569 500 1648 χώρης
524 1571 692 1646 ποιευμένων
718 1569 839 1648 Ἀχαιῶν
862 1575 891 1628 ἐκ
914 1571 974 1630 θεο-

171 1659 291 1734 προπίου
304 1657 467 1734 Ἀθάμαντα
487 1657 536 1718 τόν
551 1659 663 1732 Αἰόλου,
681 1659 727 1716 καὶ
747 1658 909 1733 μελλόντων
925 1685 976 1734 μιν
1048 1669 1053 1672 ’

173 1746 254 1816 θύειν,
269 1745 434 1823 α’πικόμενος
451 1745 531 1809 οὗτος
550 1746 565 1806 ὁ
586 1747 770 1823 Κυτίσσωρος
791 1747 822 1814 ἐξ
837 1746 906 1822 Αίης
925 1752 976 1822 τῆς

174 1835 317 1914 Κολχίδος
337 1831 483 1912 ἐρρύσατο·
516 1834 637 1910 ποιήσας
658 1835 687 1893 δὲ
707 1839 796 1908 τοῦτο,
820 1838 896 1893 τοῖσι
918 1840 974 1893 ἐπι·

174 1925 350 2003 γενομένοισι
377 1923 408 1991 ἐξ
435 1927 534 1982 ἑωυτοῦ
562 1927 645 1999 μῆνιν
675 1927 724 1982 τοῦ
755 1923 819 1982 θεοῦ
846 1924 975 1998 ἐνέβαλε.

92 2070 101 2076 ,
174 2013 279 2088 Ξέρξης
312 2013 341 2071 δὲ
371 2016 459 2071 ταῦτα
490 2011 621 2081 οἰκούσας,
655 2011 689 2074 ὦς
721 2011 791 2070 κατά
820 2010 853 2070 τό
885 2010 977 2076 άλσος

173 2102 289 2180 ἐγένετο,
306 2099 388 2162 αύτός
401 2127 431 2158 τε
446 2102 540 2181 ἔργετο
555 2099 638 2159 αὐτοῦ
653 2100 698 2158 καὶ
711 2103 747 2178 τῇ
761 2102 880 2178 στρατιῇ
895 2099 977 2179 πάσῃ

174 2187 354 2268 παρήγγειλε·
371 2193 425 2247 τῶν
434 2215 465 2247 τε
475 2187 649 2265 ’Ἀθάμαντος
660 2187 806 2269 άπογόνων
818 2187 870 2261 τὴν
884 2188 976 2264 οἰκίην

175 2274 274 2351 ὁμοίως
288 2276 333 2333 καὶ
346 2275 378 2334 τό
392 2277 504 2352 τέμενος
519 2277 646 2352 ἐσέβετο.
881 2321 883 2326 ,

100 2436 110 2444 .
129 2365 185 2422 198
235 2367 328 2421 Ταῦτα
349 2365 400 2439 μὲν
421 2364 456 2422 τά
473 2370 501 2423 ἐν
523 2367 671 2442 Θεσσαλίη
690 2365 735 2423 καὶ
751 2365 785 2424 τά
802 2369 830 2423 ἐν
847 2363 971 2444 Ἀχαιίῃ·

174 2451 231 2511 άπό
250 2451 279 2509 δέ
296 2451 400 2511 τούτων
418 2457 472 2511 τῶν
490 2452 586 2532 χώρων
599 2452 642 2528 ἤϊε
657 2458 683 2516 ἐς
696 2452 747 2529 τὴν
766 2453 883 2528 Μηλίδα
896 2453 976 2530 παρά

796 2539 976 2563 λεΙῖὶ

175 2540 281 2599 κόλπον
300 2539 457 2616 θαλάσσης,
478 2547 506 2600 ἐν
523 2545 561 2620 τῷ
579 2539 703 2616 ἄμπωτίς
716 2567 746 2600 τε
760 2566 806 2599 και
819 2565 904 2618 ρηχιη
923 2567 978 2600 ανο

175 2633 271 2688 πᾶσαν
290 2628 396 2706 ἡμέρην
412 2629 526 2710 γίνεται·
554 2630 617 2705 περὶ
653 2628 732 2689 ἐτόν
752 2629 858 2688 κόλπον
877 2628 979 2688 τοῦτόν

176 2722 237 2776 ἐστι
255 2723 344 2796 χῶρος
362 2716 478 2787 πεδινός,
498 2721 534 2795 τῇ
551 2721 602 2794 μὲν
621 2717 707 2794 εύρύς,
721 2723 757 2797 τῇ
774 2718 803 2776 δὲ
823 2717 868 2774 καὶ
887 2716 975 2791 κάρτα

105 2801 108 2808 ’
176 2805 293 2868 στεινός·
315 2806 378 2882 περὶ
395 2805 424 2863 δὲ
440 2805 489 2864 τόν
507 2811 597 2884 χῶρον
611 2804 693 2882 ούρεα
707 2804 804 2884 ὑψηλοὶ
819 2805 864 2862 καὶ
878 2802 896 2861 ό
921 2829 976 2863 ατα

177 2894 330 2970 περικληίει
344 2897 440 2952 πᾶσαν
454 2893 504 2968 τὴν
516 2894 631 2967 Μηλίδα
644 2897 705 2974 γῆν,
719 2895 864 2972 Τρηχίνιαι
878 2892 980 2968 πέτραι

177 2980 351 3056 καλεόμεναι.
385 2981 479 3056 πριύτη
492 2981 543 3056 μέν
553 3007 600 3040 νυν
614 2981 697 3044 πόλις
711 2983 772 3041 ἐστὶ
787 2988 816 3040 ἐν
830 2985 867 3058 τῷ
881 2979 980 3060 κόλπῳ

178 3065 245 3125 ἰόντι
271 3067 327 3126 άπό
353 3067 486 3145 Ἀχαιίης,
515 3067 670 3144 Ἀντικύρη·
703 3070 767 3146 παρ’
791 3069 826 3144 ἣν
850 3068 981 3143 ποταμός

177 3153 333 3230 Σπερχήῖος
353 3156 420 3228 ῥέων
445 3156 476 3223 ἐξ
494 3154 625 3230 Ἐνιήνων
646 3163 673 3219 ἐς
695 3158 846 3217 θάλασσαν
868 3155 981 3215 ἐκδιδοῖ·

177 3237 232 3296 άπδ
254 3240 284 3296 δὲ
307 3241 414 3309 τούτου,
436 3241 480 3299 διά
502 3242 594 3300 εἴκοσί
605 3265 654 3302 κου
675 3245 803 3314 σταδίων,
822 3243 912 3306 ἄλλος
928 3269 980 3303 πο-

176 3325 271 3398 ταμός,
290 3330 328 3402 τῷ
346 3325 451 3402 οὕνομα
470 3333 557 3386 κεῖται
576 3329 678 3406 Δύρας,
699 3333 748 3391 τόν
765 3333 926 3407 βοηθέοντα
942 3335 984 3412 τῷ
