2282 3550
163 107 236 174 1-5]
480 111 632 176 ορυιυιι.
675 93 677 97 ’
912 112 958 160 221

160 189 326 265 ἐπιτρέπειν·
347 189 519 266 άντιβάντων
537 189 566 249 δὲ
584 193 639 251 τῶν
657 188 822 268 συμμάχων,
840 187 914 248 εἶκον
933 190 961 248 αἱ

159 272 311 352 Ἀθηναῖοι,
326 280 400 360 μέγα
417 278 598 357 πεποιημένοι
614 281 747 354 περιεῖναι
765 277 817 352 τήν
833 275 960 336 Ἑλλάδα

160 365 205 422 καὶ
224 366 337 445 γνόντες
358 372 381 426 εἰ
401 365 594 425 στασιάσουσι
614 366 677 442 περὶ
693 369 743 440 τῆς
758 363 907 445 ἡγεμονίης
925 364 960 428 ιῦς

158 451 310 513 α’πολέεται
329 455 348 530 ή
368 453 483 523 Ἑλλάς,
505 452 575 531 όρθιί
596 457 728 516 νοεῦντες.
769 452 884 534 [στάσις
903 453 959 533 γάρ

159 541 286 617 ἔμφυλος
305 544 432 621 πολέμου
459 541 681 619 ὁμοφρονέοντος
707 541 836 620 τοσούτῳ
864 541 959 602 κάκιόν

158 633 228 700 ε’στι,
242 629 301 710 ὅση)
317 631 442 708 πόλεμος
461 629 589 711 εἰρήνης]
632 629 813 705 ε’πιστάμενοι
832 628 868 688 ὧν
889 628 957 690 αι’ντδ

157 723 248 792 τοῦτο,
269 721 319 778 οὐκ
336 720 499 788 ἀπέτεινον,
513 717 578 778 ἀλλ’
593 717 667 778 εἶκον
683 718 767 796 μέχρι
786 716 856 777 ὅσου
870 718 958 795 κάρτα

157 806 266 866 ε’δέοντο
281 807 378 878 αὐτῶν,
394 807 429 870 ὥς
442 807 573 876 διέδεξαν·
596 805 631 869 ὦς
643 805 698 886 γάρ
712 805 746 881 δή
758 804 897 882 ὠσάμενοι
910 806 960 868 τόν

158 895 274 970 Πέρσεα
290 897 353 972 περὶ
369 898 419 972 τῆς
438 895 541 954 ε’κείνου
559 893 613 970 ήδη
630 893 680 953 τόν
696 893 790 974 αἷγιῦνα
806 898 955 968 ἐποιεῦντο,

156 982 303 1057 πρόφασιν
316 983 368 1059 τήν
382 983 548 1042 Παυσανίεω
561 981 645 1059 ὕβριν
655 980 865 1061 προϊσχόμενοι,
880 981 956 1042 ἀπεί-

156 1074 241 1129 λοντο
261 1071 314 1146 τήν
333 1071 484 1152 ἡγεμονίην
507 1069 572 1132 τοῦς
595 1070 838 1146 Λακεδαιμονίους.
880 1069 958 1132 α’λλιί

155 1163 243 1216 ταῦτα
255 1161 308 1235 μὲν
319 1157 439 1237 ὕστερον
453 1158 570 1240 ἐγένετο.

194 1245 266 1306 Τότε
286 1246 316 1306 δὲ
337 1245 413 1307 οὗτοι
437 1250 464 1306 οἱ
485 1248 530 1304 καὶ
551 1244 593 1304 ἐπ’
613 1245 792 1323 Ἀρτεμίσιον
812 1245 983 1321 Ἑλλήνωνά

155 1333 327 1411 α’πικάμενοι,
354 1335 390 1398 ιῦς
410 1335 482 1396 εἶδον
503 1335 565 1397 νέας
584 1361 615 1394 τε
638 1334 750 1397 πολλάς
770 1336 957 1414 καταχθείσας

155 1427 182 1484 ές
207 1421 258 1485 τὰς
283 1422 405 1499 Ἀφέτας
433 1424 478 1482 καὶ
499 1427 633 1500 στρατιῆς
660 1421 768 1482 ἅπαντα
792 1424 874 1494 πλέα,
897 1425 956 1484 ἐπεὶ

155 1510 266 1571 αῦτοῖσι
292 1512 368 1589 παρά
395 1511 479 1582 δόξαν
498 1510 534 1571 τά
553 1511 705 1592 πρήγματα
724 1514 779 1571 τιῦν
799 1511 957 1590 βαρβάρων

154 1597 290 1675 α’πέβαινε
308 1597 326 1674 ἢ
344 1599 378 1662 ὦς
397 1599 475 1659 οὗτοὶ
496 1599 664 1669 κατεδόκεον,
684 1601 955 1678 καταρρωδήσαντες,

153 1685 281 1764 δρησμῦν
295 1687 447 1764 ἐβούλευον
464 1687 519 1747 άπό
538 1691 588 1747 τοῦ
601 1687 780 1764 Ἀρτεμισίου
794 1691 848 1747 έσω
864 1694 892 1752 ε’ς
905 1689 956 1765 τήν

153 1771 290 1834 Ἑλλάδα·
310 1776 422 1856 γνόντες
440 1777 471 1835 δέ
488 1781 580 1852 σφεας
598 1778 625 1835 οἱ
642 1775 765 1852 Εὐβοέες
783 1780 872 1854 ταῦτα
887 1779 956 1852 βου·

154 1864 327 1940 λευομένους,
347 1864 455 1924 ε’δέοντο
473 1863 652 1941 Εὐρυβιάδεω
672 1869 840 1942 προσμεῖναι
853 1863 956 1942 χρόνον

154 1950 259 2031 ὀλίγον,
287 1951 344 2010 ἔστ’
371 1949 404 2011 ἂν
431 1952 509 2012 ου’τοὶ
532 1953 615 2012 τέκνα
637 1978 668 2012 τε
694 1953 740 2010 καὶ
763 1953 826 2015 τοῦς
849 1953 955 2016 οἰκέτας

153 2037 346 2099 ῦπεκθέωνται·
389 2039 423 2104 (ῦς
443 2040 466 2100 δ’
487 2040 537 2100 οῦκ
565 2041 681 2110 ἔπειθον,
705 2041 878 2117 μεταβάντες
905 2041 955 2101 τᾶν

152 2123 304 2202 Ἀθηναίων
334 2127 493 2210 στρατηγόν
526 2129 655 2188 πείθουσι
684 2130 880 2205 Θεμιστοκλέα
908 2131 954 2190 ἐπὶ

152 2216 245 2294 μισθῷ
256 2216 404 2292 τριήκοντα
417 2217 590 2288 ταλάντοισι,
605 2216 646 2274 ἐπ’
661 2215 682 2296 ᾧ
697 2243 728 2276 τε
744 2219 954 2295 καταμείναντες

152 2302 206 2379 ,πρό
220 2308 270 2380 τῆς
282 2303 408 2381 Εὐβοίης
420 2305 588 2380 ποιήσονται
601 2304 652 2381 τήν
668 2299 833 2383 ναυμαχίην.
874 2307 908 2366 ‘O
923 2307 980 2367 δέ5

152 2393 360 2468 Θεμιστοκλέης
386 2393 450 2456 τοῦς
471 2393 615 2469 Ἕλληνας
636 2398 763 2473 ε’πισχεῐν
784 2392 835 2454 ὦδε
854 2396 951 2454 ποιέει·

152 2479 313 2559 Εὐρυβιάδῃ
333 2479 437 2541 τούτων
459 2486 514 2541 τῶν
534 2481 684 2560 χρημάτων
706 2483 850 2558 μεταδιδοῖ
869 2484 951 2543 πέντε

150 2566 283 2638 τάλαντα,
305 2568 340 2632 οἷς
360 2569 425 2646 παρ’
446 2573 546 2629 ἑωυτοῦ
568 2571 650 2646 δῆθεν
671 2570 770 2633 διδούς·
819 2570 853 2633 ιῦς
874 2571 905 2630 δέ
925 2574 952 2630 οἱ

151 2651 230 2718 οὗτος
257 2655 449 2729 ἀνεπέπειστο,
484 2657 673 2738 (Ἀδείμαντος
700 2658 755 2739 γάρ
782 2656 798 2716 ό
824 2657 949 2728 Ὠκύτου,

151 2745 297 2820 Κορίνθιος
318 2745 482 2826 στρατηγός,
496 2751 550 2806 τῶν
570 2750 677 2806 λοιπῶν
696 2745 818 2822 ἤσπαιρε
838 2749 948 2821 μοῦνος,

150 2831 274 2908 φάμενος
288 2832 515 2894 α’ποπλάσεσθαί
528 2861 559 2894 τε
579 2833 635 2894 α’πθ
648 2837 698 2894 τοῦ
710 2833 890 2910 Ἀρτεμισίου
903 2834 949 2892 καὶ

149 2918 180 2979 οῦ
192 2922 394 3001 παραμενέειν,)
405 2921 474 2998 πρός
487 2923 520 2998 δή
531 2927 629 2982 τοῦτον
641 2920 700 2980 εἶπε
714 2921 730 2981 ὁ
741 2922 949 2998 Θεμιστοκλέης

149 3009 303 3089 ε’πομάσαςῗ
333 3009 392 3068 “οῦ
413 3010 451 3068 σύ
471 3037 504 3091 γε
524 3011 611 3086 ήμέας
632 3010 802 3088 ἀπολείψεις,
825 3011 887 3070 ε’πεί
904 3036 949 3070 τοι

148 3098 200 3176 ἔγω
216 3097 290 3173 μέζω
308 3097 383 3174 δῶρα
403 3097 483 3157 διόσω
503 3097 521 3172 ἢ
541 3098 680 3173 βασιλεῦς
697 3098 730 3155 ἅν
747 3123 792 3156 τοι
810 3099 825 3156 ὁ
843 3098 947 3171 Μήδων

146 3186 264 3265 πέμψειε
291 3185 460 3245 ἀπολιπόντι
486 3187 550 3246 τοῦς
579 3183 771 3261 συμμάχους·”
804 3185 891 3242 ταῦτά
916 3208 947 3242 τε

147 3271 204 3350 ἅμα
216 3273 403 3354 ήγόρευε,,καὶ
421 3272 524 3348 πέμπει
543 3270 588 3329 ε’πὶ
605 3269 656 3344 τήν
676 3270 724 3328 νέα
738 3269 790 3343 τήν
803 3268 946 3342 Ἀδειμάν·

171 3357 277 3410 Π.-18
