2258 3568
141 147 285 213 τοο-ιιι]
447 137 651 196 υυΡιιῙΧοΡιιι
915 149 946 194 53

374 227 382 246 θ
671 225 878 252 ςῑθς

141 233 194 306 μὲν
214 228 341 290 τοθτοισι
364 229 528 307 αμείψαντο·
557 227 628 304 μετά
652 227 690 296 δε,
714 252 837 302 ηκοντων
865 253 892 290 ες
914 227 947 287 τὸ

140 319 238 378 πέδιον
257 316 290 377 τδ
313 317 489 392 Σαλαμινίων
509 321 563 375 τῶν
585 316 725 392 Περσέων,
749 315 900 375 διέτασσον
921 320 948 376 οἱ

139 408 280 480 βασιλέες
299 411 354 464 τῶν
375 407 507 481 Κυπρίων
527 403 591 467 τούς
610 407 661 480 μὲν
682 403 787 467 ἄλλους
806 406 948 482 Κυπρίους

139 493 213 554 κατά
226 495 292 558 τούς
305 493 410 556 ἄλλους
430 492 601 570 στρατιώτας
615 491 838 566 ἀντιτάσσοντες,
855 496 947 558 Σαλα-

139 584 238 660 μινίων
252 583 282 642 δὲ
296 584 342 641 καὶ
357 582 466 646 Σολίων
480 581 665 650 ἀπολέξαντες
683 581 715 641 τδ
736 580 852 658 ἄριστον
871 582 947 642 α’ντέ·

139 698 253 732 τασσον
275 673 418 749 Πέρσησι.
459 668 603 752 Ἀρτυβίῳ
620 671 648 728 δὲ
669 675 707 750 τῷ
728 676 876 752 στρατηγῷ
893 677 947 731 τῶν

140 762 277 837 Περσέων
286 760 433 835 ἐθελοντὴς
443 759 801 835 ἅντετάσσετοὉνήσιλος.
818 760 926 820 Ἦλαυ-
937 765 991 822 lll
1033 785 1035 790 ·

139 876 171 908 νε
185 851 215 908 δὲ
230 850 315 910 ἵππον
329 849 344 909 θ
357 849 508 925 Ἀρτύβιος
529 849 724 930 δεδιδαγμένον
740 849 810 926 πρδς
828 850 947 926 ὁπλίτην

140 937 280 998 ἵστασθαι
290 937 383 1015 ὀρθάν.
425 938 580 1015 πυθόμενος
593 937 638 998 ’ὧν
651 945 739 998 ταῦτα
756 938 771 997 ὁ
785 937 946 1014 Ὀνήσιλος,

140 1025 176 1102 ἦν
188 1027 243 1108 γάρ
258 1031 284 1086 οἱ
297 1026 481 1102 θπασπισπης
497 1029 576 1109 γένος
590 1032 641 1104 μὲν
655 1028 720 1105 Κάρ
733 1029 769 1086 τά
782 1029 811 1086 δὲ
824 1029 947 1103 πολέμια

108 1137 110 1140 ’
140 1115 231 1192 κάρτα
245 1115 358 1192 δόκιμος
375 1115 420 1174 καὶ
441 1115 535 1180 ἄλλως
552 1116 679 1193 λήματος
695 1118 789 1184 πλέος,
805 1115 864 1174 εἶπε
878 1115 948 1192 πρός

139 1206 251 1264 τοῦτον·
266 1204 460 1281 ς(πυνθάνομαι
473 1202 523 1264 τὸν
536 1203 688 1282 Ἀρτυβίου
700 1205 786 1264 ἵππον
797 1203 947 1279 ἱστάμενον

140 1291 234 1366 ὀρθάν,
250 1293 296 1352 καὶ
309 1292 380 1352 ποσὶ
393 1293 439 1350 καὶ
453 1292 574 1369 στόματι
589 1293 808 1374 κατεργάζεσθαι
818 1292 888 1368 πρὸς
898 1292 947 1353 τὸν

141 1377 176 1439 ἂν
196 1382 382 1460 προσενεχθῇ·
407 1379 444 1440 σθ
464 1380 500 1440 ὧν
520 1380 749 1457 βουλευσάμενος
767 1379 865 1440 αὐτίκα
887 1385 947 1440 εἰπὲ

141 1467 273 1546 ὁκότερον
292 1468 414 1544 βούλεαι
435 1468 563 1545 φυλάξας
583 1469 698 1544 πλῆξαι,
717 1471 771 1529 εἴτε
791 1468 840 1529 τόν
861 1469 947 1530 ἵππον

141 1557 197 1616 εἴτε
218 1557 302 1617 αὐτὸν
321 1556 496 1634 Ἀρτύβιον.”
538 1557 599 1618 εἶπε
619 1557 689 1635 πρός
708 1563 796 1618 ταῦτα
815 1558 830 1618 ὁ
849 1557 944 1618 ὀπάων

141 1644 237 1705 αὐτοῦ·
259 1645 280 1704 ὦ
293 1648 427 1722 βασιλεῦ,
442 1649 552 1723 έτοῖμος
569 1649 620 1722 μὲν
639 1645 693 1727 ε’γά
712 1651 768 1724 εἶμι
783 1647 887 1706 ποιέειν
902 1648 947 1706 καὶ

141 1732 289 1811 άμφάτερα
311 1735 356 1792 καὶ
375 1733 409 1794 τὸ
431 1735 524 1810 ἕτερον
545 1733 642 1805 αὐτῶν,
664 1734 710 1792 καὶ
730 1734 839 1797 πάντως
859 1735 891 1794 τὸ
912 1733 946 1795 ἂν

142 1822 299 1900 ἐπιτάσσῃς
319 1821 365 1882 σθ·
394 1821 429 1885 ως
448 1824 543 1898 μέντοι
564 1824 658 1903 ἔμοιγε
679 1823 766 1882 δοκέει
784 1823 852 1882 εἶναι
869 1827 946 1882 τοῖσι

141 1916 224 1970 σοῖσι
243 1911 393 1992 πρήγμασι
410 1911 665 1988 προσφερέστερον,
686 1910 797 1988 φράσω·
818 1912 945 1987 βασιλέα

141 2001 194 2075 μὲν
212 2000 258 2057 καὶ
276 1998 436 2080 στρατηγδν
448 1999 532 2078 χρεόν
551 1999 623 2058 εἶναί
635 2005 709 2076 φημι
722 1999 843 2075 βασιλέϊ
855 2025 886 2058 τε
900 2001 946 2058 καὶ

141 2091 292 2168 στρατηγῷ
309 2088 534 2164 προσφέρεσθαι·
554 2086 589 2163 ἦν
606 2113 637 2146 τε
654 2087 709 2168 γὰρ
729 2089 847 2165 κατέλῃς
860 2086 946 2165 ἄνδρα

141 2176 310 2256 στρατηγόν,
334 2176 408 2256 μέγα
430 2201 474 2234 τοι
497 2177 611 2256 γίνεται·
640 2176 686 2233 καὶ
711 2175 831 2252 δεύτερα,
853 2173 887 2252 ἢν
911 2179 946 2236 σὲ

513 2262 595 2285 (Χ,

142 2269 245 2326 ἐκεῖνος
262 2263 295 2323 τό
312 2263 353 2341 μὴ
372 2265 489 2344 γένοιτο,
504 2290 558 2323 υπο
578 2263 713 2342 αξιόχρεω
731 2264 777 2321 καὶ
796 2263 946 2325 ἀποθανεῖν

140 2353 247 2430 ἡμίσεα
267 2351 413 2428 συμφορή·
436 2350 524 2427 ἦμέας
543 2352 572 2410 δὲ
589 2351 654 2414 τούς
671 2351 809 2428 ὑπηρέτας
827 2355 949 2429 ἑτέροισί

140 2468 172 2501 τε
184 2441 340 2519 ὑπηρέτῃσι
356 2441 572 2516 προσφέρεσθαι
586 2440 632 2498 καὶ
645 2439 715 2517 πρός
729 2441 823 2501 ἵππον·
844 2446 895 2501 τοῦ
906 2442 944 2502 σθ

140 2530 192 2592 τὰς
204 2529 333 2608 μηχαναῖς
346 2528 432 2604 μηδὲν
449 2529 591 2606 φοβηθῇς·
614 2527 668 2609 ε’γώ
680 2529 735 2609 γὰρ
749 2527 807 2610 [δηΊ
822 2557 866 2589 τοι
879 2530 945 2590 ὕπο-

141 2619 257 2694 δέκομαι
280 2617 321 2694 μή
343 2644 392 2694 μιν
416 2615 514 2692 α’νδρθς
534 2617 574 2674 ἔτι
594 2642 627 2698 γε
647 2616 764 2693 μηδενὸς
785 2617 946 2692 στήσεσθαι

141 2705 290 2766 ε’ναντίον.”
318 2710 412 2764 Ταῦτα
425 2703 492 2774 εἶπε,
508 2705 553 2762 καὶ
566 2707 717 2781 μεταυτίκα
728 2705 925 2786 συνέμισγετᾶ
936 2709 992 2765 112

140 2795 320 2873 στρατόπεδα
337 2795 408 2872 πεζῇ
427 2793 473 2851 καὶ
490 2794 581 2868 νηυσί·
604 2794 687 2870 νηυσὶ
706 2796 757 2871 μέν
779 2821 827 2854 νυν
843 2793 943 2862 Ἴωνες,

140 2884 223 2960 ἄκροι
243 2882 387 2964 γενόμενοι
405 2881 508 2957 ταύτην
528 2881 579 2957 τὴν
599 2881 712 2958 ἡμέρην,
734 2881 945 2959 ὑπερεβάλοντο

139 2973 206 3036 τούς
219 2972 357 3035 Φοίνικας·
387 2971 432 3029 καὶ
445 2969 549 3029 τούτων
563 2969 666 3046 Σάμιοι
679 2968 857 3046 ἠρίστευσαν·
875 2971 945 3047 πεζῇ

140 3062 179 3131 δὲ,
203 3061 239 3124 ὥς
261 3061 385 3136 συνῆλθε
406 3057 441 3118 τά
462 3057 647 3135 στρατόπεδα,
673 3057 857 3132 συμπεσόντα
879 3057 942 3132 έμά-

101 3151 102 3156 ’
139 3177 238 3232 χοντο.
281 3149 351 3234 κατὰ
371 3149 399 3206 δὲ
414 3147 478 3209 τούς
497 3145 672 3225 στρατηγούς
690 3143 866 3220 ἀμφοτέρους
880 3143 945 3201 τάδε

141 3240 258 3320 ε’γίνετο·
294 3238 329 3300 ὥς
355 3235 550 3313 προσεφέρετο
576 3231 647 3308 πρὸς
673 3229 722 3289 τδν
748 3229 902 3304 Ὀνήσιλον
929 3229 945 3288 ὅ

139 3327 293 3404 Ἀρτύβιος
316 3325 361 3384 ε’πὶ
384 3328 433 3383 τοῦ
459 3323 546 3380 ἵππου
568 3317 727 3393 κατήμενος,
753 3315 769 3375 ὅ
792 3315 946 3391 Ὀνήσιλος

149 3405 237 3459 Π.-5
