2276 3554
181 150 226 196 ιω
487 145 671 196 Ἧιοιουου
898 141 975 209 svn„

174 226 275 290 πεκέας
289 226 398 306 ἔχοντες
411 225 618 302 ἐστρατεύοντο,
632 225 696 302 περὶ
710 224 739 284 δὲ
752 224 786 285 τό
800 228 884 302 σῶμα
897 227 977 287 κιθῶ·

176 339 234 378 νας·
261 315 307 373 ἐπὶ
329 314 367 382 δέ,
387 311 477 391 ζειράς
498 313 740 389 περιβεβλημένοι
761 314 898 384 ποικίλας,
911 305 977 392 sep}

176 402 206 462 δὲ
226 402 291 466 τούς
311 401 398 464 πόδας
418 427 450 461 τε
471 402 517 460 καὶ
537 399 588 464 τάς
610 400 715 477 κνήμας
736 400 838 459 πέδιλα
859 403 977 478 νεβρῶν·

174 489 245 569 πρός
261 490 298 560 δὲ,
313 489 427 550 ἀκόντιά
447 515 478 548 τε
499 490 545 548 καὶ
564 489 670 551 πέλτας
683 489 729 547 καὶ
743 489 892 569 ἐγχειρίδια
912 515 977 566 σμι-

176 578 235 656 κρά.
280 575 369 659 (οὗτοι
389 577 419 636 δέ
440 577 588 653 διαβάντες
600 579 652 653 μὲν
666 582 693 640 ἐς
705 575 758 650 τὴν
770 575 880 653 Ἀσίην,
895 577 977 653 ἐκλή-

179 669 271 742 θησαν
284 667 407 726 Βιθυνοί·
428 665 461 726 τό
475 666 504 724 δὲ
517 664 653 742 πρότερον
674 665 830 735 ἐκαλέοντο,
845 663 880 728 οἷς
897 664 976 726 αὐτοὶ

175 757 301 835 λέγουσι,
317 755 491 832 Στρυμόνιοι,
506 755 640 816 οἰκέοντες
653 753 699 812 ἐπὶ
713 751 860 829 Στρυμόνι·
883 753 977 823 ἐξανα-

175 846 277 919 στῆναι
295 843 326 902 δέ
342 850 415 918 φασι
435 843 465 912 ἐξ
482 842 572 917 ἠθέων
592 841 647 900 ύπδ
660 844 787 918 Τευκρῶν
803 866 834 900 τε
854 843 900 900 καὶ
915 848 976 901 Μυ-

148 931 255 1009 6σῶν.)
297 932 423 1007 Θρηίκων
437 929 466 988 δέ
479 933 534 989 τῶν
551 935 580 990 ἐν
592 933 628 1008 τῇ
640 929 724 1008 Ἀσίη
738 927 808 1007 ἦρχε
822 928 977 1006 Βασσάκης

175 1018 191 1078 ό
204 1019 392 1096 Ἀρταβάνου.
429 1016 591 1079 ...άσπίδας
605 1017 634 1076 δὲ
649 1016 806 1093 ὠμοβοΐνας
820 1015 896 1095 εἶχον
910 1042 976 1092 σμι-

176 1107 251 1184 κράς,
271 1107 317 1166 καὶ
335 1107 497 1185 προβόλους
515 1105 564 1164 δύο
584 1105 751 1186 λυκοεργέας
770 1104 887 1168 ἕκαστος
909 1105 975 1185 εἶχε·

175 1196 220 1254 ἐπὶ
233 1195 264 1254 δέ
276 1200 344 1274 τῇσι
358 1199 502 1274 κεφαλῇσι
516 1193 617 1271 κράνεα
634 1193 753 1272 χάλκεα·
774 1192 844 1269 πρός
857 1192 887 1252 δὲ
899 1197 977 1254 τοῖσι

175 1282 297 1360 κράνεσι,
323 1282 380 1343 ι’ντά
404 1310 434 1343 τε
459 1275 505 1341 καὶ
526 1283 607 1359 κέρεα
629 1285 742 1358 προσῆν
764 1280 835 1356 βοός
856 1281 976 1360 χάλκεα·

175 1375 284 1446 ἐπῆσαν
298 1372 328 1430 δὲ
343 1373 388 1430 καὶ
402 1370 499 1446 λόφοι·
520 1369 571 1432 τάς
591 1369 621 1429 δὲ
642 1368 747 1445 κνήμας
767 1368 866 1445 ῥάκεσι
886 1375 977 1445 φοινι-

175 1460 264 1518 κέοισι
286 1461 474 1539 κατειλίχατο.
517 1459 558 1538 (ἐν
583 1457 710 1518 τούτοισι
736 1456 854 1532 άνδράσι
875 1455 977 1533 Ἀρεύς

127 1548 163 1606 77
175 1551 235 1605 ἐστι
249 1546 444 1628 χρηστήριον.)
482 1547 634 1622 Καβηλέες
648 1545 685 1614 δέ,
697 1549 724 1604 οἱ
737 1546 867 1621 Μηίονες,
881 1544 975 1606 Λασό-

173 1661 227 1694 νιοι
243 1635 273 1694 δέ
294 1635 466 1711 καλεύμενοι,
480 1635 532 1711 την
554 1634 639 1710 αὐτὴν
653 1634 751 1704 Κίλιξι
772 1633 847 1712 εἶχον
863 1633 976 1710 σκευήν·

174 1723 226 1799 τήν
239 1723 301 1805 ἐγὼ,
317 1724 400 1783 ἐπεάν
414 1723 484 1784 κατά
499 1722 550 1799 τὴν
565 1723 690 1782 Κιλίκων
707 1722 785 1792 τάξιν
804 1721 911 1791 διεξιόν
930 1723 976 1803 γε’·

174 1837 270 1886 νωμαι,
288 1813 352 1872 τότε
371 1813 510 1888 σημανέω.
552 1811 662 1870 Μιλύαι
683 1810 713 1869 δέ
731 1808 835 1888 αἰχμάς
855 1834 886 1868 τε
904 1811 976 1886 βρα-

174 1900 242 1977 χέας
265 1899 348 1978 εἶχον,
376 1901 421 1958 καὶ
449 1901 548 1976 εἵματα
575 1898 805 1975 ἐνεπεπορπέατο.
848 1896 926 1976 εἶχον
947 1897 977 1958 δὲ

175 1986 264 2048 αὐτῶν
283 1987 353 2057 τόξα
372 1987 544 2064 μετεξέτεροι
558 1985 658 2046 Λύκια·
679 1987 744 2063 περὶ
758 1985 787 2044 δέ
800 1988 869 2064 τῇσι
889 1991 975 2061 κεφα-

175 2078 245 2154 λῇσι
272 2080 301 2134 ε’κ
329 2076 480 2152 διφθερέων
506 2075 693 2150 πεποιημένας
718 2074 822 2137 κυνέας.
869 2074 976 2136 τούτων

128 2163 165 2218 78
175 2162 283 2222 πάντων
295 2162 366 2242 ἦρχε
379 2163 489 2240 Βάδρης
501 2162 518 2222 ά
531 2162 691 2225 Ὑστάνεος.
734 2161 852 2241 Μόσχοι
868 2163 898 2222 δὲ
911 2165 976 2240 περὶ

175 2253 225 2322 μὲν
243 2255 312 2330 τῇσι
334 2255 478 2329 κεφαλῇσι
500 2251 595 2313 κυνέας
616 2251 728 2320 ξυλίνας
749 2249 832 2328 εἶχον,
854 2250 977 2315 α’σπίδας

163 2333 204 2398 1δέ
218 2339 264 2398 καὶ
277 2339 380 2418 αἰχμάς
400 2338 531 2416 σμικράς·
553 2337 657 2419 λόγχαι
671 2339 700 2398 δὲ
715 2342 825 2414 ἐπῆσαν
842 2339 975 2420 μεγάλαι.

176 2427 330 2504 Τιβαρηνοὶ
351 2426 381 2486 δέ
400 2428 446 2486 καὶ
463 2426 613 2503 Μάκρωνες
634 2427 680 2485 καὶ
696 2425 873 2486 -Μοσύνοικοι
894 2427 977 2487 κατά-

175 2540 227 2591 περ
242 2513 359 2594 Μόσχοι
373 2516 574 2592 ἐσκευασμένοι
591 2513 798 2591 ἐστρατεύοντο·
819 2514 934 2578 τούτους
947 2515 978 2575 δὲ

177 2603 354 2662 συνέτασσον
372 2601 504 2682 άρχοντες
525 2629 551 2662 οι
569 2629 591 2662 ε·
612 2602 751 2682 Μόσχους
763 2604 815 2678 μὲν
829 2603 875 2662 καὶ
887 2604 977 2680 Τιβα-

174 2691 281 2767 ρηνοδς,
295 2690 479 2768 Ἀριόμαρδος
495 2689 511 2750 ό
525 2691 646 2767 Δαρείου
658 2715 689 2749 τε
703 2693 769 2753 παῖς
783 2691 828 2748 καὶ
842 2690 977 2768 Πάρμυος

173 2781 223 2854 τῆς
242 2779 376 2856 Σμέρδιος
393 2782 443 2838 τοῦ
465 2777 568 2854 Κύρου,
590 2778 746 2854 Μάκρωνας
767 2777 797 2837 δὲ
818 2779 864 2837 καὶ
878 2783 976 2838 Μοσυ-

173 2869 280 2930 νοίκους
292 2866 463 2944 Ἀρταΰκτης
484 2865 500 2926 ό
514 2865 684 2943 Χεράσμιος,
699 2866 730 2929 ὃς
744 2867 856 2942 Σηστόν
874 2866 927 2943 τὴν
948 2873 978 2928 ἐν

127 2958 164 3016 79
174 2953 377 3034 Ἑλλησπόντῳ
398 2953 574 3031 ἐπετρόπευε.
616 2958 713 3030 Μᾶρες
734 2954 763 3013 δέ
784 2955 830 3014 ἐπὶ
845 2957 897 3030 μὲν
909 2959 978 3034 τῇσι

174 3047 319 3121 κεφαλῇσι
342 3040 442 3120 κράνεα
464 3041 598 3121 ἐπιχώρια
618 3040 727 3101 πλεκτά
750 3041 834 3120 εἶχον,
854 3041 978 3117 άσπίδας

174 3130 203 3188 δὲ
216 3130 379 3207 δερματίνας
392 3129 513 3207 σμικράς
524 3130 570 3188 καὶ
583 3128 707 3190 άκόντια.
743 3130 856 3209 Κόλχοι
869 3131 900 3190 δέ
912 3134 977 3210 περὶ

172 3220 225 3293 μὲν
240 3221 308 3294 τῇσι
322 3221 468 3296 κεφαλῇσι
481 3217 582 3294 κράνεα
591 3217 703 3288 ’ξύλινα
717 3216 839 3282 άσπίδας
855 3218 885 3278 δέ
906 3219 975 3298 ιύμο-

173 3305 272 3380 βοΐνας
294 3304 414 3381 σμικράς
436 3306 539 3385 αἰχμάς
561 3331 592 3366 τε
615 3305 751 3385 βραχέας·
773 3307 844 3382 πρός
868 3307 906 3382 δέ,
932 3309 980 3369 καὶ
