2250 3552
142 150 253 214 92-96]
459 146 646 196 ΚΔΔΔΙΟΠΗ.
898 144 946 193 825

143 231 175 290 σύ
189 229 327 307 πρότερόν
339 254 370 289 τε
388 227 549 286 παύσεσθαι
566 225 746 302 τιμωρέοντες
766 225 866 302 ἐκείνῳ,
881 223 947 299 πρὶν

143 317 162 396 ἣ
187 319 264 380 δίκας
291 317 362 376 δῶσι
380 318 436 375 τῶν
456 314 592 390 ἐποίησαν
611 311 713 376 ταύτας
735 311 785 376 τάς
809 308 844 371 ἀν
864 309 947 375 αύτάς

143 408 241 483 ἕληται
268 404 313 464 καὶ
336 403 446 463 δικαιοῖ·
479 402 583 462 τούτων
609 401 639 460 δέ
663 401 841 476 τελεομένων,
866 398 945 460 αύτοὶ

142 494 242 555 δώσειν
255 492 363 572 Εύηνίῳ
377 490 458 552 δόσιν
475 488 606 565 τοιαύτην
622 489 674 565 τῆν
691 486 817 552 πολλούς
831 513 881 566 μιν
892 515 944 565 μα·

142 585 247 660 καριεῖν
262 580 413 658 ἀνθρώπων
431 580 539 659 ἔχοντα.
581 577 623 635 Τά
640 579 692 652 μὲν
710 576 868 655 χρηστήρια
880 578 991 641 ταῦ-94

141 671 178 731 τά
199 677 255 746 σφι
281 667 417 747 ἐχρήσθη·
449 669 476 726 οἱ
499 666 529 726 δὲ
551 665 777 740 Ἀπολλωνιῆται
800 663 946 742 ἀπόρρητα

141 758 337 836 ποιησάμενοι,
351 756 510 833 προέθεσαν
522 758 577 814 τῶν
590 752 685 814 ἀστῶν
699 751 817 830 ἀνδράσι
831 753 945 830 διαπρῆ-

142 847 197 916 ξαι·
219 850 246 906 οἶ
266 846 298 906 δέ
317 851 374 922 σφι
395 844 544 921 διέπρηξαν
564 839 625 901 ὦδε·
647 841 801 918 κατημένου
825 839 944 916 Εύηνίου

143 939 172 994 ἐν
188 934 275 1014 θιύκιρ,
294 932 424 996 ἐλθόντες
444 935 470 990 οἱ
488 930 637 1009 παρίζοντο
656 929 702 988 καὶ
719 927 822 1009 λόγους
840 926 946 992 ἀλλους

142 1026 292 1092 ἐποιεῦντο,
307 1022 364 1085 έςὸ
382 1021 549 1096 κατέβαινον
562 1018 787 1093 συλλυπεύμενοι
801 1019 840 1095 τῷ
852 1014 944 1076 πάθεϊ·

140 1112 228 1190 ταύτῃ
249 1111 279 1170 δὲ
297 1108 451 1190 ἀπάγοντες
470 1107 596 1185 εέράτεον
614 1107 677 1166 τίνα
697 1105 775 1181 δίκην
791 1102 826 1164 ἂν
843 1105 944 1176 ἕλοιτο,

142 1202 166 1257 εἰ
186 1199 309 1258 ἐθέλοιεν
326 1195 552 1271 Ἀπολλωνιῆται
572 1195 648 1256 δίκας
668 1193 825 1269 ἀποστῆναι
845 1192 945 1253 δύσειν

140 1291 196 1344 τῶν
217 1288 371 1362 ἐποίησαν;
407 1283 423 1344 ό
444 1284 474 1344 δέ
496 1282 545 1343 ούκ
567 1281 691 1358 ἀκηκοιδς
710 1281 744 1342 τό
766 1280 943 1359 θεοπρόπιον,

142 1375 234 1434 εἶλετο
248 1374 335 1437 εἴπας·
357 1375 383 1432 εἴ
396 1373 438 1435 τίς
452 1375 479 1431 οἱ
495 1371 557 1447 δοίη
570 1369 674 1451 ἀγρούς
690 1373 746 1430 τῶν
765 1368 869 1439 ἀστῶν,
884 1367 943 1430 ἀνο·

140 1461 236 1538 μάσας
247 1465 325 1523 τοῖσι
338 1460 480 1537 ἠπίστατο
494 1459 563 1518 εἶναι
577 1458 748 1521 καλλίστους
761 1457 810 1518 δύο
824 1457 945 1535 κλήρους

141 1554 196 1610 τῶν
216 1555 246 1610 ἐν
265 1555 301 1630 πῆ
320 1548 508 1627 Ἀπολλωνίῃ,
523 1548 569 1606 καὶ
587 1547 697 1623 οἴκησιν
717 1547 786 1624 πρός
806 1546 940 1618 τούτοισι,

141 1637 192 1713 τήν
207 1636 272 1716 ᾔδεε
286 1638 444 1713 καλλίστην
460 1639 564 1695 ἐοῦσαν
576 1637 631 1694 τῶν
649 1640 678 1694 ἐν
691 1639 727 1714 τῆ
740 1635 818 1695 πόλι·
839 1633 943 1695 τούτων

142 1725 179 1794 δὲ,
201 1727 265 1802 ἔφη,
286 1725 431 1802 ἐπήβολος
450 1723 598 1805 γενόμενος
618 1726 668 1782 τοῦ
689 1727 791 1782 λοιποῦ
811 1721 942 1799 ἀμήνιτος

142 1813 219 1887 εἶναι,
235 1814 280 1873 καὶ
294 1814 372 1889 δίκην
385 1816 412 1872 οἶ
429 1812 533 1888 ταύτην
551 1811 679 1890 ἀποχρᾶν
694 1811 853 1891 γενομένην,
896 1811 942 1869 καὶ

142 1901 222 1978 ὁμὲν
235 1905 324 1961 ταῦτα
341 1903 428 1982 ἔλεγε,
443 1903 470 1960 οἶ
491 1900 520 1958 δέ
538 1899 671 1977 πάρεδροι
690 1899 770 1958 εἶπαν
782 1896 944 1973 ύπολαβόν-

140 2015 194 2054 τες·
219 1989 354 2066 ((Εύήνιε,
374 1988 477 2064 ταύτην
495 1988 574 2064 δίκην
590 1987 817 2062 Ἀπολλωνιῆται
834 1989 884 2062 τῆς
900 1991 942 2044 ἐκ-

140 2078 304 2154 τυφλώσιος
319 2078 462 2139 ἐκτίνουσί
478 2102 523 2136 τοι
543 2076 614 2137 κατά
635 2074 790 2151 θεοπρόπια
810 2072 845 2134 τά
866 2073 942 2155 γενό·

140 2165 237 2241 μενα.”
263 2166 279 2226 ὁ
292 2167 345 2244 μὲν
357 2165 392 2242 δή
404 2165 475 2242 πρός
486 2169 575 2224 ταῦτα
588 2163 663 2224 δεινά
678 2163 809 2232 ἐποιέετο,
820 2162 943 2223 ἐνθεῦτεν

141 2255 296 2332 πυθόμενος
308 2254 358 2316 τάν
373 2254 465 2314 πάντα
483 2253 579 2334 λόγον,
594 2252 630 2316 ἀς
648 2251 837 2327 ἐξαπατηθείς·
859 2253 886 2310 οἱ
903 2251 942 2322 δὲ,

141 2342 287 2419 πριάμενοι
299 2343 375 2419 παρὰ
387 2345 442 2401 τῶν
457 2340 619 2416 ἐκτημένων,
630 2339 740 2399 διδοῦσί
751 2341 778 2399 οἱ
790 2365 827 2399 τα
840 2339 942 2400 εἵλετο.

141 2431 187 2490 καὶ
199 2430 271 2508 μετά
284 2435 371 2491 ταῦτα
385 2429 484 2489 αὐτίκα
500 2429 624 2506 ἔμφυτον
640 2428 775 2505 μαντικήν
789 2427 855 2508 εἶχε,
869 2427 943 2495 ὥστε

142 2519 188 2577 καὶ
201 2517 376 2597 ούνομαστός
388 2517 529 2599 γενέσθαι.

180 2606 287 2667 Τούτου
313 2605 348 2683 δή
375 2605 391 2666 ό
419 2605 561 2681 Δηίφονος
585 2603 636 2664 ἐῶν
658 2606 724 2666 ταῖς
743 2605 794 2662 τοῦ
813 2602 941 2679 Εὐηνίου,
950 2606 989 2664 95

141 2692 263 2774 ἀγόντων
289 2694 452 2770 Κορινθίων,
477 2690 640 2769 ἐμαντεύετο
662 2694 698 2769 τῆ
719 2693 847 2768 στρατιῇ.
888 2690 941 2766 ἤδη

140 2780 170 2840 δέ
183 2783 230 2841 καὶ
242 2782 306 2843 τόδε
321 2780 440 2858 ἥκουσα,
454 2780 490 2844 οἷς
508 2780 524 2840 ὁ
543 2779 686 2856 Δηίφονος
706 2777 878 2854 ἐπιβατεύων
890 2783 940 2838 τοῦ

139 2867 259 2947 Εύηνίου
277 2869 438 2948 ούνόματος,
458 2867 633 2945 ἐξελάμβανε
652 2865 736 2926 ἐτιάν
751 2865 802 2941 τῆν
814 2864 942 2926 Ἑλλάδα

139 2957 215 3038 ἐργα,
230 2957 280 3017 ούκ
294 2957 345 3018 ἐάν
362 2956 482 3033 Εύηνίου
498 2959 574 3020 ταῖς.
615 2958 698 3014 Τοῖσι
718 2954 748 3013 δὲ
764 2952 892 3030 Ἕλλησι
905 2954 988 3020 ὦς96

139 3047 332 3122 ἐκαλλιέρησε,
354 3044 460 3126 ἀνῆγον
480 3044 530 3108 τάς
551 3045 613 3107 νέας
634 3048 664 3102 ἐκ
683 3047 734 3118 τῆς
753 3042 851 3119 Δήλου
871 3043 941 3121 πρός

138 3132 190 3210 τῆν
217 3133 323 3210 Σάμον·
364 3133 425 3192 ἐπεὶ
451 3132 481 3192 δέ
505 3133 631 3212 ἐγένοντο
660 3134 711 3205 τῆς
738 3130 846 3206 Σαμίης
871 3131 942 3207 πρός

138 3221 324 3298 Καλάμοισα,
344 3224 371 3281 οἱ
396 3221 448 3297 μὲν
479 3216 566 3278 αύτοῦ
595 3217 780 3295 ὁρμισάμενοι
810 3215 881 3277 κατά
906 3218 939 3278 τό

137 3307 256 3387 Ἡραῖον
281 3307 315 3369 τό
340 3306 436 3384 ταύτῃ,
463 3305 705 3383 παρεσκευάζοντο
726 3309 754 3368 ἐς
775 3305 939 3383 ναυμαχίην·
