2250 3552
156 155 265 222 κιο-οι]
455 153 642 201 κκκκιοαα.
691 164 693 166 ·
906 151 952 199 ιιι

126 315 135 322 ἱ
156 235 237 314 δονίῳ
255 234 301 294 καὶ
318 237 354 313 τῇ
370 237 490 323 στρρτιῂ
503 234 538 310 τῇ
550 230 704 310 παρεούσῃ·
726 231 772 290 καὶ
786 229 819 290 οὖ
831 228 887 311 γάρ
900 236 956 306 σφι

156 324 262 403 ἐγίνετο
282 322 318 382 τά
339 321 452 402 σφάγια
473 319 594 400 χρηστά,
616 317 732 378 ἐπιπτάν
757 344 788 379 τε
815 318 904 378 αὐτῶν
928 323 957 378 ἐν

155 410 244 490 τούτῳ
256 414 294 489 τῷ
306 409 397 488 χρόνῳ
409 411 516 468 πολλοὶ
529 408 579 492 καὶΙ
588 410 688 485 πολλῷ
705 410 822 470 πλεῦνες
836 412 956 484 ἐτρωμα-

155 499 274 569 τιζοντο·
289 497 443 576 φράξαντες
452 495 507 577 γὰρ
517 495 553 555 τά
564 496 652 576 γέρρα
666 497 692 553 οἱ
703 495 822 571 Πέρσαι,
837 493 957 555 ἀπίεσαν
1025 543 1029 549 .

155 589 210 646 τῶν
222 585 398 662 τοξευμάτων
408 585 505 644 πολλὰ
515 583 648 660 ἀφειδέως
658 581 736 655 οὕτω,
749 582 821 643 ὥστε
831 584 955 660 πιεζομέ-

156 699 209 733 νων
222 677 276 733 τῶν
290 674 484 750 Σπαρτιητέων
495 673 540 730 καὶ
549 676 604 731 τῶν
614 670 746 751 σφαγίων
756 669 788 730 οὗ
798 673 956 751 γινομένων,

156 760 364 840 ἀποβλέψαντα
387 761 436 821 τόν
457 760 622 836 Παυσανίην
643 758 714 837 πρός
730 758 763 819 τό
784 758 901 836 Ἡραῖον
921 758 954 820 τό

157 851 323 910 Πλαταιέων
333 849 557 909 ἐπικαλέσασθαι
567 847 618 924 τὴν
629 847 701 916 θεόν,
711 846 858 926 χρηΐζοντα
870 848 957 925 μηδα-

155 942 214 1014 μῶς
234 940 326 1015 σφέας
347 939 504 1016 ψευσθῆναι
524 941 575 1012 τῆς
589 936 710 999 ἐλπίδος.
758 940 852 996 Ταῦτα
873 935 896 994 δ’
917 938 1004 997 έτι62

155 1027 255 1087 τούτου
272 1027 496 1104 ἐπικαλευμένου,
510 1023 767 1103 προεξαναστάντες
783 1023 914 1101 πρότεροι
930 1029 957 1086 οἱ
1033 1082 1037 1088 ,

156 1120 290 1197 Τεγεῆται
304 1114 423 1195 ἐχάρεον
437 1120 464 1178 ἐς
476 1113 541 1177 τούς
554 1112 731 1190 βαρβάρους·
753 1113 798 1171 καὶ
811 1117 887 1172 τοῖσι
900 1121 956 1173 Λα-

156 1205 355 1281 κεδαιμονίοισι
368 1202 466 1263 αὐτίκα
479 1201 550 1279 μετὰ
563 1202 614 1276 την
628 1200 713 1280 εὖχην
724 1201 777 1277 τήν
790 1202 956 1262 Παυσανίεω

156 1293 261 1374 ἐγίνετο
275 1294 437 1370 θυομένοισι
449 1292 485 1352 τά
498 1291 611 1372 σφάγια
620 1289 743 1369 χρηστά.
774 1288 811 1353 εἷς
823 1291 853 1349 δέ
866 1290 956 1371 χρόνῳ

156 1384 219 1442 κοτέ
232 1383 350 1464 ἐγένετο,
365 1379 540 1461 ἐχάρενιειά
552 1374 631 1438 οὗτοι
645 1378 691 1436 ἐπὶ
703 1378 768 1442 τούς
781 1380 896 1455 Πέρσας
910 1380 956 1440 καὶ

154 1473 182 1529 πί
194 1472 308 1547 Πέρσαι
321 1469 410 1529 ἀντίοι
419 1469 455 1528 τά
467 1468 536 1538 τόξα
548 1468 684 1543 μετέντες.
727 1468 831 1548 ἐγίνετο
845 1468 874 1527 δέ
884 1473 956 1546 πρῶ-

155 1585 204 1617 τον
225 1559 289 1636 περὶ
305 1557 341 1619 τά
358 1558 444 1638 γέρρα
465 1556 553 1636 μάχη·
582 1554 617 1618 οἷς
637 1555 667 1614 δέ
687 1559 776 1614 ταῦτα
794 1556 954 1628 ἐπεπτώκεε,

154 1644 207 1722 ἤδη
228 1647 333 1726 ἐγίνετο
351 1644 430 1724 μάχη
450 1644 553 1724 ἰσχυρὴ
570 1641 635 1720 παρ’
652 1643 719 1704 αὐτό
736 1643 768 1703 τό
786 1645 955 1723 Δημήτριον,

155 1736 201 1793 καὶ
221 1734 323 1814 χρόνον
344 1734 389 1793 ἐπὶ
410 1733 529 1803 πολλόν,
548 1737 575 1796 ἐς
593 1731 608 1792 ό
626 1731 759 1792 ἀπίκοντο
779 1738 806 1797 ἐς
823 1733 956 1810 ὠθισμόν·

154 1823 190 1882 τά
202 1822 257 1905 γάρ
271 1823 375 1901 δόρατα
389 1821 647 1898 ἐπιλαμβανόμενοι
658 1821 798 1881 κατέκλων
808 1824 834 1880 οἱ
844 1821 957 1898 βάρβα-

154 1938 208 1988 ροι.
249 1911 357 1988 λήματι
369 1911 422 1988 μέν
434 1937 482 1971 νυν
496 1911 542 1969 καὶ
555 1909 634 1988 ῥώμη
649 1908 698 1968 οὐκ
713 1910 829 1972 ἐσσονες
841 1907 916 1985 ἦσαν
930 1913 956 1971 οἱ

155 2001 277 2077 Πέρσαι·
297 1999 418 2060 ἄνοπλοι
436 1999 466 2058 δὲ
482 1997 580 2067 ἐόντες,
595 1998 641 2056 καὶ
654 1996 725 2074 πρός
738 1995 956 2073 ἀνεπιστήμονες

154 2086 237 2163 ἦσαν,
252 2089 298 2147 καὶ
316 2088 366 2148 οὐκ
383 2087 476 2164 ὁμοῖοι
491 2091 568 2146 τοῖσι
585 2086 735 2144 ἐναντίοισι
753 2086 868 2161 σοφίηνΙ
889 2113 956 2163 προ·

155 2176 334 2245 εξαίσσοντες
354 2175 384 2235 δέ
405 2174 464 2234 κατ’
485 2176 540 2245 ἔνο,
562 2175 608 2233 καὶ
628 2174 702 2243 δέκα,
725 2175 771 2232 καὶ
791 2175 907 2238 πλεῦνές
926 2201 957 2235 τε

155 2265 201 2322 καὶ
229 2264 383 2328 ἐλάσσονες
407 2263 642 2340 συστρεφόμενοι,
667 2263 818 2323 ἐσέπιπτον
841 2267 869 2327 ἐς
894 2263 958 2328 τούς

156 2353 340 2431 Σπαρτιήτας,
352 2354 398 2412 καὶ
408 2353 608 2427 διεφθείροντο.
638 2355 680 2430 Τῇ
691 2351 720 2410 δέ
732 2351 865 2434 ἐτύγχανε
875 2351 957 2417 αὐτός
967 2356 1005 2412 63

156 2441 207 2502 ἐκόν
234 2441 400 2519 Μαρδόνιος,
425 2438 472 2499 ἀπ’
504 2441 589 2500 ἵππου
615 2467 647 2502 τε
673 2440 831 2518 μαχόμενος
857 2445 958 2502 λευκοῦ

156 2531 226 2610 έχων
238 2557 269 2590 τε
281 2531 346 2608 περὶ
357 2528 456 2589 ἑωυτόν
470 2529 592 2610 λογάδας
603 2529 737 2606 Περσέων
749 2529 814 2592 τοῦς
827 2528 957 2606 ἀρίστους

155 2620 272 2696 χιλίους,
293 2617 381 2698 ταύτῃ
400 2618 429 2678 δέ
448 2617 494 2676 καὶ
510 2616 640 2694 μάλιστα
657 2616 721 2679 τούς
743 2617 880 2680 ἐναντίους
900 2619 957 2676 ἐπί-

156 2732 230 2766 εσαν.
263 2707 333 2767 ὅσον
346 2707 398 2783 μέν
411 2732 458 2766 νυν
473 2705 576 2785 χρόνον
591 2701 749 2780 Μαρδόνιος
767 2708 872 2781 περιῆν,
889 2708 915 2764 αἱ
928 2709 956 2765 δὲ

155 2796 283 2874 ἀντεῖχον
304 2795 350 2854 καὶ
370 2793 537 2871 ἀμυνόμενοι
558 2794 738 2868 κατέβαλλον
758 2793 883 2856 πολλοῦς
903 2797 958 2855 τῶν

154 2883 388 2961 Λακεδαιμονίων·
416 2882 452 2946 ὦς
473 2882 502 2942 δέ
523 2880 682 2958 Μαρδόνιος
705 2881 833 2950 ἀπέθανε,
856 2881 901 2940 καὶ
924 2881 957 2944 τά

154 2971 219 3048 περὶ
246 2975 349 3031 ἐκεῖνον
373 2971 550 3052 τεταγμένον,
575 2969 621 3029 ἐὸν
645 2969 836 3049 ἰσχυρότατον,
865 2971 956 3046 ἔπεσε,

156 3057 227 3119 οὕτω
241 3059 274 3135 δὴ
288 3061 334 3118 καὶ
348 3063 375 3119 οἱ
389 3059 475 3118 άλλοι
494 3057 646 3136 ἐτράποντο
666 3059 712 3116 καὶ
726 3059 801 3128 εἶξαν
814 3061 891 3118 τοῖσι
900 3066 956 3119 Λα-

156 3147 366 3223 κεδαιμονίοισι·
379 3151 517 3206 πλεῖστον
526 3146 581 3227 γάρ
593 3153 685 3222 σφεας
695 3146 851 3223 ἐδηλέετοῆ
862 3148 956 3220 ἐσθῆς,

156 3238 258 3310 ἐρῆμος
272 3239 358 3294 ἐοῦσα
371 3233 476 3294 ὅπλων·
497 3233 567 3310 πράς
579 3236 634 3314 γάρ
648 3236 765 3296 ὁπλίτας
786 3233 875 3296 ἐόντες
887 3259 956 3314 γυμ-

156 3326 234 3398 νῆτες
257 3322 351 3402 ἀγῶνα
374 3325 526 3381 ἐποιεῦντο.
566 3321 705 3381 Ἐνθαῦτα
735 3323 754 3398 ἦ
774 3347 804 3381 τε
823 3321 886 3397 δίκη
907 3323 1003 3382 τοῦδέ

1070 3435 1096 3464 Δ
