2276 3554
192 165 223 211 οι
495 160 679 210 Ἥνοιουοτ
932 159 996 224 [νι.

192 242 258 319 ὗμῖν
271 241 474 319 ἀναβάλλομαι
491 241 625 319 κυρώσειν
645 246 672 304 ἒς
693 240 824 316 τέταρτον
845 243 922 315 μῆνα
940 239 999 302 ἀπό

192 332 283 392 τοῦδε.
325 333 352 390 οί
372 333 425 408 μὲν
446 329 480 406 δὴ
500 328 641 404 Μιλήσιοι
663 326 816 405 συμφορὴν
836 327 998 404 ποιεύμενοι

193 418 426 488 ἀπαλλάσσοντο,
452 418 487 480 οἷς
514 416 733 494 ἀπεστερημένοι
756 419 811 475 τῶν
834 415 996 494 χρημάτων·

193 511 320 569 Γλαῦκος
341 507 370 565 δὲ
393 505 538 583 ἐπορεύετο
559 510 587 567 ἐς
606 503 739 579 Δελφούς
759 503 936 582 χρησόμενος
957 511 999 584 τῷ

193 595 363 672 χρηστηρίῳ·
387 596 575 670 ἐπειρωτῶντα
589 593 619 650 δὲ
632 591 717 651 αὐτόν
733 591 767 651 τό
780 591 955 670 χρηστήριον
975 598 1000 652 εἰ

194 682 265 761 ὅρκῳ
288 682 323 742 τά
345 681 478 760 χρήματα
501 681 648 757 ληίσεταις
674 679 692 756 ἦ
717 680 810 756 Πυθίη
831 680 999 760 μετέρχεται

193 771 289 830 τοῖσδε
309 775 385 830 τοῖσι
407 771 496 829 ἔπεσι·

243 881 332 932 Γλαῦκ’
345 883 504 942 Ἐπικυδείδη,
524 884 553 931 τό
569 883 613 942 μέν
629 882 717 930 αὐτίκα
734 883 822 943 κέρδιον
839 880 902 930 οὕτω

242 958 304 1018 όρκῳ
315 958 417 1015 νικῆσαι,
438 957 478 1004 καί
494 957 610 1017 χρήματα
626 956 781 1014 ληίσσασθαι.

244 1029 311 1086 όμνυ·
330 1029 382 1076 ἐπεὶ
400 1028 500 1077 θόνατός
516 1045 547 1089 γε
564 1029 604 1076 καὶ
621 1029 715 1089 εὔορκον
731 1029 794 1086 μένει
811 1025 893 1086 ἄνδρα.

243 1099 298 1148 ἀλλ’
311 1101 398 1162 Ὅρκον
416 1101 471 1149 πόΐς
488 1101 555 1148 ἐστὶν
571 1101 696 1158 ἀνώνυμος·
716 1098 765 1147 οὐδ’
781 1101 821 1146 έπι
836 1099 922 1159 χεῖρες,

244 1175 297 1221 οὐδὲ
314 1174 392 1222 πόδες·
410 1173 521 1233 κραιπνὸς
538 1174 563 1220 δὲ
577 1173 729 1233 μετέρχεται,
750 1171 827 1220 εἰσόκε
843 1171 927 1219 πιῖσαν

242 1246 387 1306 συμμάρψας
404 1245 483 1292 ὀλέσει
499 1246 591 1303 γενεὴν,
611 1246 650 1291 καὶ
668 1245 730 1292 οἶκον
747 1243 851 1290 ἅπαντα.

243 1315 325 1378 ἀνδρὸς
342 1315 362 1363 δ’
379 1317 473 1376 εὐόρκου
490 1317 561 1376 γενεὴ
577 1317 723 1374 μετόπισθεν
740 1317 846 1373 ἀμείνων.

194 1399 281 1455 ταῦτα
295 1394 418 1458 ἀκούσας
431 1395 448 1454 ὁ
461 1400 589 1458 Γλαῦκος
602 1395 770 1476 συγγνώμην
788 1395 838 1454 τόν
859 1393 923 1454 θεόν
943 1422 998 1454 πα-

195 1484 318 1560 ραιτέετο
333 1482 405 1562 αὐτῷ
418 1484 510 1563 ἴσχειν
520 1488 574 1543 τῶν
584 1484 731 1560 ῥηθέντων·
752 1483 771 1560 ἡ
785 1483 814 1542 δὲ
825 1484 918 1558 Πυθίη
931 1484 996 1560 ἔφη,

195 1571 228 1630 τό
246 1571 410 1648 πειρηθῆναι
428 1575 478 1631 τοῦ
497 1572 561 1631 θεοῦ
581 1572 626 1630 καὶ
646 1572 679 1632 τό
700 1575 818 1648 ποιῆσαι
837 1571 903 1630 ἶσον
916 1571 997 1631 δόνα-

196 1660 273 1718 σθαι.
309 1663 435 1722 Γλαῦκος
448 1661 499 1736 μέν
513 1659 547 1734 δη
560 1659 812 1738 μεταπεμψάμενος
824 1658 888 1721 τούς
902 1663 996 1735 Μιλη

196 1748 275 1810 σίους
295 1747 406 1817 ξείνους,
429 1747 557 1806 ἀποδιδοῖ
580 1754 636 1822 σφι
656 1747 692 1806 τά
712 1747 853 1826 χρήματα.
894 1751 944 1806 τοῦ
966 1749 997 1806 δὲ

196 1836 285 1895 εἵνεκα
307 1835 322 1895 ό
343 1835 429 1916 λόγος
450 1834 539 1905 ὅδε,ὧ
558 1834 709 1912 Ἀθηναῖοι,
724 1834 839 1912 ὠρμήθη
859 1836 998 1915 λέγεσθαι

196 1929 224 1986 ἐς
243 1923 335 2002 όμέος,
351 1923 499 1999 εἰρήσεται·
521 1923 651 1982 Γλαύκου
671 1927 719 1982 νῦν
739 1922 801 1982 οὔτε
814 1949 841 1982 τι
855 1921 998 2002 ἀπόγονόν

197 2017 258 2072 ε’στι
272 2012 349 2070 οὐδὲν
363 2010 420 2070 οὔτ’
431 2012 506 2086 ἱστίη
521 2009 634 2086 οὐδεμία
648 2011 813 2087 νομιζομένη
825 2010 894 2070 εἶναι
904 2009 997 2068 Γλαύ-

195 2126 252 2159 κου·
278 2099 452 2176 έκτέτριπταί
470 2124 501 2156 τε
522 2098 670 2175 πρόρριζος
691 2105 720 2158 ἐκ
744 2098 879 2176 Σπάρτης.
925 2097 998 2158 οὕτω

195 2187 301 2267 ἀγαθόν
321 2187 391 2262 μηδὲ
410 2187 583 2247 διανοέεσθαι
597 2188 661 2264 περὶ
676 2186 839 2264 παραθήκης
857 2185 933 2246 ἀλλο
953 2213 996 2266 γε,

195 2273 412 2350 ἣοῖπαιτεόντων
428 2273 614 2334 άποδιδόναι.”
655 2276 825 2354 Λευτυχίδης
844 2277 897 2351 μὲν
918 2275 998 2339 εἶπας

194 2367 290 2432 ταῦτα,
305 2363 340 2426 ὥς
353 2365 380 2422 οἱ
393 2361 455 2421 οὐδὲ
469 2363 539 2422 οὕτω
553 2363 687 2440 ἐσήκουον
701 2368 727 2423 οἱ
739 2363 890 2440 Ἀθηναῖοι,
905 2362 997 2422 ἀπαλ-

196 2450 333 2510 λάσσετο.

149 2544 185 2601 87
238 2543 274 2598 Οἱ
292 2539 321 2598 δὲ
336 2543 489 2620 Αἰγινῆται,
508 2540 574 2617 πρὶν
591 2543 645 2599 τῶν
666 2539 802 2614 πρότερον
820 2539 998 2616 ἀδικημάτων

196 2628 290 2687 δοῦναι
309 2629 386 2690 δίκας
404 2633 458 2687 τῶν
480 2633 506 2691 ἐς
519 2626 682 2704 Ἀθηναίους
702 2627 826 2704 ὕβρισαν
840 2629 997 2705 Θηβαίοισι

195 2715 381 2796 χαριζόμενοι,
409 2717 544 2791 ἐποίησαν
572 2715 688 2777 τοιάνδε·
717 2717 894 2794 μεμφόμενοι
919 2721 998 2778 τοῖσι
1089 2765 1093 2792 ,

195 2804 370 2881 Ἀθηναίοισι
386 2805 432 2864 καὶ
451 2804 589 2875 ἀξιοῦντες
610 2805 778 2876 ἀδικέεσθαι,
793 2805 828 2870 ὦς
841 2807 997 2884 τιμωρησό·

195 2918 274 2970 μενοι
294 2893 359 2957 τούς
371 2893 534 2969 Ἀθηναίους
554 2893 804 2972 παρεσκευάζοντο·
826 2897 871 2953 καὶ
889 2894 924 2970 ἦν
942 2894 998 2975 γάρ

196 2980 231 3056 δὴ
250 2985 327 3040 τοῖσι
344 2981 520 3056 Ἀθηναίοισι
540 2983 699 3058 πεντετηρὶς
720 2984 766 3041 ε’πὶ
782 2984 894 3061 Σουνίῳ,
909 2982 998 3062 λοχή-

196 3095 296 3132 σαντες
318 3069 355 3130 ὧν
375 3067 427 3144 τήν
448 3069 563 3144 θεωρίδα
585 3073 638 3144 νῆα
663 3070 738 3130 εἶλον
758 3069 868 3146 πλήρεα
891 3070 999 3148 ἀνδρῶν

196 3160 250 3215 τῶν
273 3156 388 3232 πριότων
409 3155 570 3230 Ἀθηναίων·
590 3155 730 3232 λαβόντες
751 3158 780 3216 δὲ
802 3159 866 3222 τούς
887 3157 997 3237 ἀνδρας,
1118 3151 1124 3220 ,ό

150 3245 187 3300 88
197 3242 308 3316 ἔδησαν.
350 3243 493 3316 Ἀθηναῖοι
507 3243 535 3300 δὲ
548 3242 684 3306 παθόντες
697 3249 785 3304 ταῦτα
802 3245 872 3322 πρός
885 3251 998 3326 Αἶγινη-
1123 3229 1124 3252 ¹

196 3329 272 3396 τέων,
296 3328 387 3388 οὐκέτι
408 3326 602 3402 ἀνεβάλλοντο
625 3330 665 3405 μὴ
689 3331 721 3390 οὔ
740 3332 773 3391 τό
795 3337 851 3392 πᾶν
872 3336 999 3412 μηχανή·
1114 3325 1124 3396 ί

1102 2939 1113 2982 ι’
