2258 3568
52 191 53 194 η
126 131 230 196 ια-ιι]
426 129 629 182 αατνικοςα.
895 133 925 180 13

115 213 192 274 νέας·
212 214 313 271 τοῦτον
332 209 369 271 ὦν
387 211 472 270 δοκέω
489 210 539 271 τδν
558 209 644 288 ἄνδρα
661 208 795 285 ποιήσειν
814 212 870 269 τῶν
890 207 924 269 ἂν

124 299 302 378 χρηίζωμεν.”
316 304 403 359 ταῦτα
413 299 583 361 ἀκούσαντες
593 303 619 358 οἱ
630 298 733 369 Νάξιοι
743 299 924 376 προσέθεσαν

123 393 159 468 τῷ
178 387 370 467 Ἀρισταγόρῃ
393 388 534 466 πρήσσειν
557 385 576 466 ᾖ
601 387 712 448 δύναιτο
736 385 848 464 ἄριστα·
877 387 923 445 καὶ

124 476 298 556 ὑπίσχεσθαι
311 477 384 553 δῶρα
399 478 527 537 ἐκέλευον
545 478 591 536 καὶ
606 476 732 553 δαπάνην
744 481 780 556 τῇ
794 481 923 556 στρατιῇ,

124 563 157 627 ὦς
169 565 249 624 αὐτοὶ
263 565 450 629 διαλύσοντες·
473 565 588 628 ἐλπίδας
600 565 712 628 πολλάς
725 566 841 644 ἔχοντες,
856 564 923 624 ἄταν

124 654 292 729 ἐπιφανέωσι
306 659 333 718 ές
346 654 398 730 τήν
411 653 509 724 Νάξον
522 653 614 714 πάντα
627 653 756 728 ποιήσειν
769 652 833 716 τούς
846 653 921 722 Ναξ-

50 801 51 806 ,
123 741 179 804 ίους
195 741 230 802 τά
248 741 283 804 ἂν
301 742 381 802 αὐτοὶ
401 742 544 812 κελεύωσι,
564 739 599 805 ὣς
619 742 648 801 δὲ
669 742 715 800 καὶ
732 742 797 805 τούς
817 741 923 804 ἄλλους

123 830 267 905 νησιώτας*
290 835 345 891 τῶν
364 830 419 912 γάρ
439 831 533 906 νήσων
552 831 670 890 τουτέων
689 833 745 890 τῶν
767 829 922 889 Κυκλάδων

123 916 235 995 οὐδεμία
248 945 286 978 κω
299 918 334 995 ἦν
346 918 401 978 find
415 919 533 997 Δαρείῳ.

160 1005 343 1084 Ἀπικάμενος
353 1007 382 1066 δὲ
392 1006 408 1066 ὅ
418 1005 623 1087 Ἀρισταγόρης
631 1010 661 1068 ές
670 1007 720 1069 τάς
734 1005 835 1082 Σάρδις
844 1008 921 1087 λέγει
930 1009 965 1065 31

122 1094 190 1171 πρδς
204 1094 254 1155 τᾶν
266 1095 466 1172 Ἀρταφέρνεα,
480 1094 516 1156 ὦς
537 1093 630 1164 Νάξος
647 1095 689 1170 εἴη
702 1097 788 1169 νῆσος
803 1092 921 1174 μεγάθεΐ

122 1185 172 1256 μὲν
189 1182 222 1242 οὐ
244 1183 363 1263 μεγάλη,
383 1181 476 1245 άλλως
498 1183 527 1241 δὲ
549 1181 624 1258 καλή
639 1201 675 1241 τε
696 1181 742 1240 καὶ
760 1179 853 1262 άγαθή
875 1183 920 1240 καὶ

49 1264 50 1270 ¹
123 1267 214 1350 άγχοῦ
226 1270 336 1346 Ἰωνίης,
346 1269 477 1350 χρήματα
487 1271 518 1329 δὲ
527 1272 565 1330 ἔνι
575 1270 681 1342 πολλά,
694 1270 740 1328 καὶ
750 1269 917 1346 α’νδράποδα.

123 1357 187 1418 “σδ
201 1357 240 1428 ὧν
249 1359 296 1417 ε’πὶ
309 1359 410 1434 ταύτην
420 1357 471 1433 τήν
483 1357 576 1437 χώρην
587 1356 778 1434 στρατηλάτεε
792 1358 920 1438 κατάγων

123 1451 149 1509 ές
171 1445 257 1524 αὐτήν
279 1448 344 1510 τούς
367 1445 494 1527 φυγάδας
518 1447 549 1516 ἐξ
572 1446 666 1522 αὐτῆς·
695 1448 741 1518 καὶ
763 1447 808 1506 τοὶ
831 1452 919 1508 ταῦτα

121 1533 271 1611 ποιήσαντι
282 1539 366 1595 τοῦτο
382 1537 434 1612 μέν
447 1539 507 1594 έστι
521 1538 619 1611 ἑτοῖμα
634 1534 698 1613 παρ’
713 1536 775 1613 ἐμοὶ
788 1535 920 1614 χρήματα

45 1696 46 1707 ¹
120 1623 232 1704 μεγάλα
264 1622 353 1699 πάρεξ
381 1627 437 1683 τῶν
466 1622 699 1700 ἀναισιμωμάτων
725 1627 761 1702 τῇ
790 1629 919 1702 στρατιῇ·

121 1709 219 1790 (ταῦτα
231 1713 283 1786 μὲν
292 1710 346 1792 γάρ
357 1711 449 1770 δίκαια
462 1710 549 1786 ήμέας
558 1711 623 1774 τούς
636 1710 754 1793 άγοντας
764 1712 919 1793 παρέχειν)

43 1802 45 1813 ¹
119 1802 203 1858 τοῦτο
210 1799 239 1858 δὲ
247 1799 349 1875 νήσους
356 1798 550 1876 προσκτήσεαι
558 1800 679 1874 βασιλέϊ
689 1799 775 1876 αὐτήν
782 1827 812 1859 τε
822 1800 919 1870 Νάξον
939 1821 941 1825 “

42 1916 45 1953 ι
120 1887 167 1946 καὶ
179 1887 229 1950 τοὶς
243 1893 272 1946 ε’κ
287 1887 387 1963 ταύτης
400 1887 564 1964 ἠρτημένας,
579 1887 678 1964 Πάρον
690 1914 721 1947 τε
738 1888 784 1946 καὶ
798 1887 919 1965 Ἄνδρον

119 1976 166 2034 καὶ
186 1975 285 2046 άλλας,
303 1976 352 2039 τάς
373 1975 523 2038 Κυκλάδας
544 1976 722 2052 καλευμένας·
745 1978 869 2036 ἐνθεῦτεν
889 1976 918 2036 δὲ

118 2063 300 2141 ὁρμεώμενος,
310 2063 441 2126 εὐπετέως
455 2063 603 2138 ἐπιθήσεαι
616 2063 735 2144 Εὐβοίῃ,
747 2063 823 2144 νήσῳ
833 2065 918 2147 μεγά·

117 2157 156 2230 λη
166 2179 198 2213 τε
211 2155 257 2210 καὶ
270 2151 418 2228 εὐδαίμονι,
429 2151 478 2210 οὐκ
490 2151 627 2212 ε’λάσσονι
641 2153 758 2230 Κύπρου
773 2154 819 2212 καὶ
830 2153 918 2231 κάρτα

117 2239 228 2300 ετίπετέϊ
240 2241 391 2318 αἱρεθῆναι.
425 2239 573 2319 ἀποχρῶσι
589 2241 619 2299 δὲ
637 2241 734 2300 ἑκατὸν
747 2242 805 2305 νέες
817 2242 919 2307 ταύτας

115 2329 214 2393 πάσας
230 2327 448 2408 χειράσασθαι.”
482 2329 497 2388 ὁ
517 2329 546 2387 δὲ
563 2328 698 2406 α’μείβετο
715 2328 798 2390 αὐτὸν
811 2332 917 2391 τοῖσδε·

115 2417 181 2478 “σδ
196 2423 223 2481 ές
236 2417 313 2477 οἶκον
325 2417 374 2478 τᾶν
386 2418 525 2494 βασιλέος
539 2417 674 2498 ἐξηγητής
686 2419 776 2500 γίνεαι
789 2421 918 2502 πρηγμά-

37 2549 38 2566 ι
114 2531 171 2566 των
191 2505 311 2588 άγαθῶν,
328 2507 375 2565 καὶ
394 2510 482 2564 ταῦτα
503 2505 531 2564 εὖ
552 2507 708 2583 παραινέεις
727 2507 820 2568 πάντα
840 2509 919 2584 πλήν

114 2598 171 2656 τῶν
180 2600 248 2655 νεῶν
258 2598 308 2654 τοῦ
321 2593 451 2672 ἀριθμοῦ·
468 2593 529 2654 α’ντὶ
543 2593 572 2652 δὲ
582 2594 680 2654 ἔκατδν
690 2599 765 2665 νεῶν,
778 2596 921 2672 διηκόσιαί

113 2709 160 2743 τοι
180 2686 294 2760 ἑτοῖμοι
307 2684 418 2743 ἔσονται
438 2681 497 2760 ἅμα
516 2686 554 2761 τῷ
574 2684 641 2760 ἔαρι.
684 2683 726 2742 δεῖ
745 2684 775 2742 δὲ
792 2683 918 2744 τούτοισι

113 2772 162 2831 καὶ
181 2771 267 2833 αὕτδν
286 2772 413 2848 βασιλέα
431 2772 597 2832 συνέπαινον
616 2771 771 2853 γίνεσθαι.”
811 2771 845 2830 ‘0
866 2774 964 2848 μὲν32

112 2860 149 2936 δή
171 2859 377 2941 Ἀρισταγόρης
397 2859 432 2922 αἷς
452 2863 540 2918 ταῦτα
559 2858 663 2935 ἤκουσε
684 2858 837 2938 περιχαρής
858 2859 917 2930 εἰδν,

112 2949 201 3026 α’πήῖε
214 2954 242 3012 ές
254 2949 394 3024 Μίλητον·
412 2947 428 3008 ὁ
441 2948 471 3007 δὲ
484 2947 683 3025 Ἀρταφέρνης,
695 2947 729 3010 ὥς
741 2951 767 3006 οἱ
776 2947 918 3025 πέμψαντι

112 3042 143 3100 ές
168 3039 267 3102 Σοῦσα
289 3037 335 3095 καὶ
358 3036 504 3113 ὑπερθέντι
526 3036 563 3095 τὰ
587 3041 616 3094 ἐκ
639 3040 690 3094 τοῦ
712 3033 919 3115 Ἀρισταγόρεω

111 3124 257 3206 λεγόμενα
280 3124 446 3186 συνέπαινος
473 3123 519 3182 καὶ
546 3122 629 3184 ου’τδς
656 3125 773 3196 Δαρεῖος
801 3123 917 3200 ἐγένετο,

111 3212 350 3291 παρεσκευάσατο
369 3215 421 3288 μὲν
442 3213 586 3287 διηκοσίας
605 3207 740 3284 τριήρεας,
758 3207 870 3264 πολλὰν
890 3207 919 3262 δὲ

110 3302 205 3380 κάρτα
219 3301 320 3380 ὅμιλον
330 3303 464 3375 Περσέων
477 3325 508 3358 τε
522 3298 567 3356 καὶ
580 3299 634 3355 τῶν
648 3293 743 3351 ἄλλων
753 3291 917 3366 συμμάχων’

120 3386 210 3436 H.—2
