2258 3568
165 127 276 193 ιιι-ια]
515 129 627 180 nmo.
934 129 965 182 ιι

163 209 283 285 βόσκων
302 208 471 284 ἐπικούρους,
492 210 538 268 καὶ
560 211 658 291 γαμέει
672 209 796 288 Ὀλόρου
813 213 864 270 τού
882 210 967 287 Θρηΐ-

165 323 221 356 κων
234 297 375 373 βασιλέος
391 298 529 378 θυγατέρα
541 296 750 380 Ἡγησιπύλην.
794 295 886 362 Ούτος
899 299 929 358 δὲ
950 297 1015 358 640

165 385 297 461 Κίμωνος
321 385 479 462 Μιλτιάδης
505 387 605 447 νεωστὶ
631 389 684 464 μὲν
707 386 841 463 ἐληλύθεε
865 392 893 450 ές
915 385 967 463 τήν

163 474 361 550 Χερσόνησον,
376 473 572 552 κατελάμβανε
586 474 618 534 δέ
628 502 678 552 μιν
692 475 810 535 ἐλθόντα
824 473 901 536 α’λλα
913 479 969 536 τιύν

164 561 340 642 κατεχόντων
353 563 524 644 πρηγμάτων
536 563 728 642 χαλεπώτερα·
744 565 837 643 (τρίτῳ
849 567 901 641 μὲν
914 563 968 646 γάρ

165 652 222 711 ἔτεϊ
238 649 343 711 τούτων
357 651 465 714 Σκύθας
486 653 595 732 ἔφευγε·
617 651 722 715 Σκύθαι
742 652 797 732 γάρ
811 654 838 711 οἱ
852 651 969 728 νομάδες

165 740 356 816 ἐρεθισθέντες
368 739 424 798 ύπδ
437 740 576 816 βασιλέος
587 741 707 817 Δαρείου
720 739 969 817 συνεστράφησαν,

165 827 214 885 καὶ
232 826 346 903 ἤλασαν
359 828 444 907 μέχρι
456 831 506 903 τῆς
520 827 706 905 Χερσονήσου
724 827 835 904 ταύτης·
855 827 970 891 τούτους

166 914 296 978 ε’πιόντας
321 915 371 974 ούκ
393 908 544 993 ύπομείνας
567 916 582 976 ὁ
606 916 765 992 Μιλτιάδης
789 917 889 997 ἔφευγε
912 913 969 975 άπδ

166 1003 365 1079 Χερσονήσου,
380 1009 407 1067 ές
426 1003 442 1064 ὃ
458 1005 531 1063 οἵτε
548 1003 653 1070 Σκύθαι
673 1002 903 1083 ἀπαλλάχθησαν
923 1005 973 1063 καί

166 1117 217 1168 μιν
231 1095 258 1151 οἶ
272 1092 417 1173 Δόλογκοι
433 1091 591 1174 κατήγαγον
607 1091 721 1171 ὀπίσω)
759 1095 853 1150 Ταῦτα
869 1094 920 1168 μὲν
936 1091 1014 1168 δήέλ

167 1181 252 1259 τρίτῳ
267 1181 321 1238 ἔτεϊ
334 1179 470 1258 πρότερον
483 1180 608 1261 ε’γεγόνεε
621 1183 675 1239 τῶν
691 1180 755 1240 τότε
773 1206 822 1257 μιν
841 1179 969 1258 κατεχόν-

167 1295 233 1328 των·
254 1267 318 1328 τάτε
340 1268 369 1327 δὲ
390 1268 595 1345 πυνθανόμενος
617 1268 686 1327 εἶναι
706 1268 770 1332 τούς
792 1269 920 1330 Φοίνικας
942 1273 971 1327 έν

168 1357 284 1437 Τενέδῳ,
306 1356 459 1434 πληριύσας
481 1356 609 1434 τριήρεας
632 1359 713 1416 πέντε
740 1355 890 1435 χρημάτων
916 1360 971 1416 τῶν

170 1446 330 1522 παρεόντων
353 1445 477 1504 άπέπλεε
504 1451 531 1509 ές
556 1445 607 1509 τοὶς
633 1444 762 1521 Ἀθήνας.
805 1445 850 1504 καὶ
875 1444 970 1522 ὥσπερ

171 1534 289 1611 ὦρμήθη
310 1539 339 1592 ἐκ
354 1533 477 1610 Καρδίης
489 1534 597 1603 πόλιος,
612 1535 694 1593 ἔπλεε
712 1533 757 1592 διά
775 1537 825 1593 τοῦ
839 1535 972 1596 Μέλανος

172 1623 290 1683 κόλπου·
315 1621 508 1700 παραμείβετό
530 1649 562 1682 τε
584 1623 637 1698 τήν
660 1621 845 1700 Χερσόνησον
873 1623 918 1681 καὶ
946 1625 973 1681 οἱ

172 1712 297 1774 Φοίνικές
310 1715 336 1771 οἱ
350 1711 548 1788 περιπίπτουσι
561 1715 630 1790 τῇσι
643 1711 734 1786 νηυσί.
776 1710 859 1774 αύτδς
871 1712 923 1785 μὲν
937 1709 971 1785 δή

173 1800 332 1875 Μιλτιάδης
345 1799 399 1858 σύν
412 1802 480 1877 τῇσι
492 1801 634 1876 τέσσαρσι
651 1803 706 1858 τῶν
722 1803 789 1859 νεῶν
803 1799 973 1879 καταφεύγει

174 1893 203 1952 ἐς
215 1886 345 1966 Ἰμβρον,
363 1887 415 1963 τήν
437 1888 468 1947 δέ
489 1890 515 1946 οἱ
533 1889 663 1965 πέμπτην
683 1891 738 1948 τῶν
758 1891 826 1948 νεῶν
845 1891 973 1946 κατεῖλον

175 1976 317 2039 διώκοντές
339 1979 365 2035 οἱ
386 1977 518 2039 Φοίνικες.
559 1981 610 2052 τῆς
633 1976 663 2035 δὲ
686 1976 747 2040 νεδς
769 1975 870 2051 ταύτης
895 1977 974 2054 ἔτυχε

174 2071 230 2126 τῶν
243 2065 405 2124 Μιλτιάδεω
422 2064 527 2125 παίδων
548 2063 564 2124 ὁ
583 2064 782 2142 πρεσβύτατος
800 2063 892 2143 ἅρχων
911 2069 974 2139 Μη-

174 2155 276 2233 τίοχος,
291 2153 341 2212 ούκ
358 2159 388 2211 ε’κ
407 2157 457 2228 τῆς
468 2151 592 2229 Ὀλόρου
612 2157 663 2212 τοῦ
679 2152 798 2230 Θρήϊκος
819 2152 870 2212 εἰδν
891 2153 973 2232 θυγα-

174 2243 239 2320 τρός
252 2241 317 2301 ἀλλ’
332 2242 362 2310 ἐξ
375 2240 475 2317 άλλης·
497 2241 542 2299 καὶ
554 2245 654 2300 τοῦτον
668 2239 726 2317 ἅμα
739 2245 775 2318 τῇ
790 2241 834 2316 νηίΙ
851 2241 927 2300 εἶλον
948 2243 975 2298 οἶ

175 2333 307 2400 Φοίνικες,
323 2331 371 2388 καί
386 2355 435 2406 μιν
452 2328 604 2405 πυθόμενοι
621 2328 656 2392 οἷς
673 2330 716 2412 εἴη
730 2329 890 2388 Μιλτιάδεω
909 2331 975 2391 ταῖς

175 2419 317 2501 ἀνήγαγον
333 2418 409 2495 παραὶ
422 2419 557 2494 βασιλέα,
573 2417 713 2480 δοκέοντες
730 2417 832 2497 χάριτα
848 2417 976 2498 μεγάλην

176 2508 398 2584 καταθήσεσθαι·
418 2505 461 2566 ὅτι
475 2507 509 2581 δή
522 2506 680 2582 Μιλτιάδης
692 2505 805 2586 γνώμην
822 2506 975 2575 ἀπεδέξατο

176 2603 206 2658 ἐν
218 2601 295 2656 τοῖσι
304 2595 384 2654 Ἰωσι
397 2595 545 2654 πείθεσθαι
559 2594 677 2653 κελεύων
690 2597 766 2654 τοῖσι
781 2595 914 2673 Σκύθῃσι,
929 2593 976 2653 ὅτε

176 2689 203 2746 οἱ
216 2684 323 2749 Σκύθαι
341 2683 528 2760 προσεδέοντο
547 2682 690 2745 λύσαντας
709 2682 760 2758 τήν
777 2683 892 2762 σχεδίην
906 2681 975 2740 άπο-

175 2775 272 2834 πλέειν
291 2777 319 2836 ές
335 2772 387 2847 τήν
404 2775 518 2832 έωυτῶν.
560 2775 679 2848 Δαρεῖος
699 2771 736 2840 δὲ,
753 2770 787 2834 οἷς
808 2775 834 2830 οἱ
852 2771 976 2832 Φοίνικες

176 2862 324 2940 Μητίοχον
342 2859 391 2920 τόν
409 2859 568 2918 Μιλτιάδεω
587 2858 736 2940 α’νήγαγον,
758 2861 873 2934 ε’ποίησε
892 2857 977 2918 κακόν

175 2953 228 3027 μὲν
242 2948 321 3010 ούδέν
334 2949 482 3027 Μητίοχον
496 2947 588 3028 άγαθά
603 2947 632 3006 δὲ
645 2946 747 3025 συχνά·
769 2947 815 3005 καὶ
828 2947 883 3025 γάρ
901 2945 978 3005 οἶκον

177 3041 222 3098 καὶ
246 3041 346 3113 κτῆσιν
368 3037 449 3095 ἔδωκε
471 3036 516 3094 καὶ
538 3036 665 3111 Περσιδα
683 3039 807 3114 γυναῖκα,
829 3040 857 3092 ε’κ
879 3038 929 3108 τῆς
950 3037 977 3092 οἱ

177 3129 260 3186 τέκνα
274 3127 382 3206 ἐγένετο
395 3123 431 3183 τά
445 3129 473 3186 ές
486 3124 602 3198 Πέρσας
622 3122 815 3194 κεκοσμέαται.
857 3119 977 3175 Μιλτιά-

178 3215 228 3290 δης
240 3214 271 3273 δὲ
284 3214 315 3283 ἐξ
321 3212 446 3288 Ἴμβρου
459 3210 617 3268 ἀπικνέεται
631 3212 657 3266 ἐς
670 3205 720 3264 τὰς
732 3203 861 3274 Ἀθήνας.

219 3301 279 3360 Καὶ
301 3299 372 3358 κατά
390 3299 424 3358 τδ
444 3299 503 3357 ἔτος
521 3297 604 3352 τοῦτο
623 3296 652 3346 ἐκ
673 3291 728 3344 τῶν
746 3284 879 3357 Περσέων
900 3281 1025 3336 ούδὲν42
