2258 3568
146 153 255 220 ³3-36]
421 140 423 144 ’
452 156 655 208 υυννυιονυ.
920 156 981 220 1⁵'x

144 240 173 299 ἐς
186 235 219 295 τά
233 238 326 314 τεῖχος
339 234 590 311 παρεσκευάσαντο
601 235 631 294 δὲ
641 234 677 298 ιύς
686 234 952 312 πολιορκησόμενοι·

144 324 191 383 καὶ
210 327 278 382 σῖτα
299 323 345 381 καὶ
365 321 439 382 ποτά
459 322 492 382 τά
512 327 605 402 τεῖχος
626 322 774 393 ἐσάξαντο.
809 323 854 382 καὶ
875 319 952 382 οὗτοι

144 414 195 488 μέν
205 411 434 489 παρεσκευάδατο
449 409 484 474 ὦς
497 413 692 487 παρεσομένου
706 417 762 487 σφι
776 411 912 487 πολέμου,
924 413 951 470 οἶ

143 499 168 559 δ’
189 501 252 560 ἐπεί
269 525 299 559 τε
320 499 456 576 διέβαλον
477 504 507 558 ἐκ
527 503 578 574 τῆς
601 501 673 558 Χίου
693 499 743 562 τάς
766 500 828 562 νέας
849 503 877 562 ἐς
898 497 952 574 τήν

144 588 250 660 Νάξον,
265 586 336 665 πρός
348 589 565 668 πεφραγμένους
578 587 801 664 προσεφέροντο·
824 587 869 644 καὶ
886 591 950 645 ἐπο-

144 674 273 752 λιόρκεον
297 679 388 752 μῆνας
419 675 568 753 τέσσερας·
603 675 638 738 ως
665 675 694 734 δὲ
720 674 755 735 τά
782 700 813 734 τε
840 675 950 752 ἔχοντες

143 762 234 837 ἦλθον
254 763 387 842 χρήματα
409 766 436 822 οἱ
458 765 573 838 Πέρσαι
594 767 682 823 ταῦτα
706 761 950 837 καταδεδαπάνητό

143 857 200 925 σφι
214 852 259 910 καὶ
273 853 347 930 αὐτῷ
359 855 397 930 τῷ
410 851 602 931 Ἀρισταγόρῃ
615 853 865 928 προσαναισίμωτο
878 854 948 910 πολ·

142 938 190 1012 λά,
212 943 263 998 τοῦ
286 940 407 1003 πλεῦνός
423 935 460 998 ιτε
489 939 580 999 ἐδέετο
603 939 622 1015 ή
646 941 805 1016 πολιορκίη,
830 940 949 998 ἐνθαῦτα

142 1029 236 1106 τείχεα
262 1032 338 1088 τοῖσι
363 1029 473 1107 φυγάσι
500 1033 554 1087 τῶν
578 1029 690 1098 Ναξίων
715 1027 949 1104 οἰκοδομήσαντες

142 1114 368 1176 ἀπαλλάσσοντο
383 1121 410 1178 ἐς
423 1117 476 1192 τήν
489 1115 613 1193 ἤπειρον,
629 1120 718 1180 κακῶς
732 1116 919 1192 πρήσσοντες.

183 1203 388 1284 Ἀρισταγόρης
405 1205 434 1264 δέ
451 1204 500 1263 ούκ
519 1203 577 1283 εἶχε
593 1203 645 1280 τήν
658 1203 819 1283 ύπόσχεσιν
832 1207 870 1282 τῷ
882 1203 946 1280 Ἀρ·
956 1205 994 1262 35

141 1293 275 1368 ταφέρνεϊ
294 1297 485 1370 ἐκπληρῶσαι·
506 1291 566 1369 ἅμα
585 1293 615 1352 δέ
631 1293 722 1363 ἐπίεζέ
739 1318 787 1368 μιν
804 1292 822 1368 ή
838 1291 947 1367 δαπάνη

140 1383 192 1454 τῆς
208 1383 343 1457 στρατιῆς
361 1379 556 1456 ἀπαιτεομένη,
571 1381 693 1458 α’ρριύδεέ
710 1383 806 1440 τετοῦ
824 1384 948 1457 στραποῦ

141 1467 298 1543 πρήξαντος
325 1472 414 1532 κακῶς
443 1469 490 1527 καὶ
521 1468 682 1550 Μεγαβάτῃ
710 1469 944 1546 διαβεβλημένος

142 1554 234 1614 ἐδόκεέ
245 1582 276 1615 τε
286 1556 338 1632 τήν
348 1557 506 1632 βασιληίην
515 1559 565 1632 τῆς
579 1555 711 1631 Μιλήτου
724 1555 945 1632 α’παιρήσεσθαι·

141 1641 284 1719 ἀρρωδέων
300 1645 330 1703 δὲ
346 1644 451 1704 τούτων
468 1645 574 1703 ἕκαστα
592 1644 759 1719 ἐβουλεύετο
775 1643 945 1704 α’πόστασιν·

142 1732 294 1792 συνέπιπτε
320 1732 375 1814 γάρ
402 1733 448 1791 καὶ
475 1732 524 1792 τόν
553 1733 717 1812 ἐστιγμένον
743 1731 794 1808 τήν
818 1732 946 1808 κεφαλήν

141 1818 260 1898 ἀπῖχθαι
287 1825 317 1880 ἐκ
346 1823 475 1884 Σουσίων
502 1820 580 1897 παρά
603 1819 746 1889 Ἱστιαίου,
771 1822 965 1896 σημαίνονταΙ

142 1905 320 1969 άπίστασθαι
334 1908 524 1990 Ἀρισταγόρῃ
544 1908 601 1968 α’πό
618 1909 766 1985 βασιλέος·
788 1905 873 1988 ὄγάρ
888 1909 945 1968 Ἱσ-

140 1999 237 2065 τιαῖος,
258 1997 435 2074 βουλόμενος
456 2001 493 2075 τῷ
515 1995 706 2076 Ἀρισταγόρῃ
728 2001 855 2073 σημῇναι
876 1995 944 2055 οἷπο-

142 2087 253 2159 στῖηναι,
264 2084 358 2148 άλλως
371 2089 423 2162 μὲν
434 2085 560 2163 οὐδαμῶς
574 2084 632 2163 εἶχε
645 2084 798 2159 α’σφαλέως
812 2087 944 2162 σημῆναι,

142 2170 215 2232 ὥστε
238 2174 480 2250 φυλασσομενέων
501 2177 556 2232 τῶν
576 2172 654 2232 ὁδῶν·
677 2171 692 2232 ὁ
715 2172 744 2231 δέ
765 2175 820 2231 τῶν
839 2171 944 2234 δούλων

141 2259 191 2319 τάν
203 2261 376 2322 πιστότατον
387 2261 569 2338 ἀποξυρήσας
582 2260 634 2336 τήν
644 2259 773 2335 κεφαλήν
786 2261 885 2334 ἔστιξε,
898 2262 944 2320 καὶ

142 2347 267 2425 άνέμεινε
285 2348 425 2425 άναφῦναι
440 2349 490 2412 τάς
506 2349 613 2428 τρίχας·
636 2348 672 2412 οἷς
688 2349 717 2407 δὲ
735 2348 880 2424 ἀνέφυσαν
897 2350 944 2410 τά·

142 2464 237 2515 χιστα,
266 2438 413 2514 α’πέπεμπε
441 2443 467 2500 ἐς
495 2439 626 2513 Μίλητον
654 2436 845 2514 ἐντειλάμενος
871 2438 944 2518 αύτῷ

142 2525 216 2584 α’λλο
231 2528 283 2602 μέν
300 2524 385 2596 οὐδὲν,
401 2525 485 2585 ἐπεάν
504 2526 533 2585 δὲ
551 2525 684 2601 ἀπίκηται
703 2531 730 2588 ἐς
748 2525 887 2601 Μίλητον,
902 2554 944 2586 κε-

142 2614 232 2673 λεύειν
244 2613 451 2696 Ἀρισταγόρην
470 2613 628 2691 ξυρήσαντά
641 2640 690 2690 μιν
703 2614 752 2677 τάς
765 2615 862 2692 τρίχας
881 2641 943 2674 κατ-

143 2701 251 2764 ιδέσθαι
271 2708 298 2766 ἐς
309 2702 362 2778 τήν
380 2701 517 2778 κεφαλήν·
538 2701 574 2762 τά
590 2702 619 2760 δὲ
637 2703 781 2783 στίγματα
800 2701 943 2778 ἐσήμαινε,

143 2788 178 2852 ὦς
194 2791 240 2848 καὶ
257 2788 393 2867 πρότερόν
408 2816 457 2866 μοι
477 2791 590 2866 εἴρηται,
605 2789 776 2850 α’πόστασιν.
810 2793 898 2848 ταῦτα
914 2789 951 2849 δέ

143 2876 158 2937 ό
177 2877 310 2942 Ἱστιαῖος
334 2879 432 2949 ἐποίεε,
453 2878 607 2956 συμφορήν
630 2877 793 2954 ποιεύμενος
816 2877 944 2958 μεγάλην

142 2965 193 3041 τήν
214 2969 315 3026 ἐωυτοῧ
336 2966 458 3045 κατοχήν
478 2965 529 3042 τήν
550 2973 579 3026 ἐν
601 2966 747 3031 Σούσοισι·
768 2964 945 3030 ἀποστάσιος

144 3052 180 3113 ὧν
196 3056 351 3135 γινομένης,
367 3055 479 3118 πολλάς
497 3054 555 3134 εἶχε
572 3055 687 3116 ἐλπίδας
703 3052 880 3129 μετήσεσθαι
899 3055 944 3113 ἐπὶ

143 3141 304 3202 θάλασσαν·
321 3143 361 3219 μή
375 3143 404 3201 δέ
417 3143 548 3219 νεώτερόν
560 3169 588 3200 τι
601 3142 735 3215 ποιεύσης
748 3145 798 3216 τῆς
812 3141 944 3216 Μιλήτου

144 3231 252 3310 ου’δαμά
269 3237 297 3296 ἐς
314 3231 400 3307 αὐτήν
413 3230 489 3306 ἥξειν
506 3232 545 3289 ἐτι
563 3229 714 3308 ἐλογίζετο.
748 3227 880 3288 Ἱστιαῖος
892 3227 944 3301 μέν
953 3227 990 3281 36

143 3347 204 3382 νυν·
217 3325 305 3382 ταῦτα
332 3317 530 3395 διανοεύμενος,
558 3313 706 3390 ἀπέπεμπε
731 3315 781 3372 τὸν
811 3313 943 3391 ἄγγελον·
