2258 3568
546 20 606 86 ΖΙ.

185 162 217 209 ιι
494 161 676 210 Ἠνοιοοοτ
810 147 812 152 ’
942 158 987 223 [ν.

184 241 235 313 τῆς
248 237 379 318 γυναικός
393 237 448 296 οὐδ’
464 239 495 307 ἐξ
507 238 598 314 ἄλλης
608 239 704 302 παῖδες
719 239 849 320 ι’γίνοντο.
879 239 988 317 ἐστάλη

183 324 220 386 ὧν
239 331 266 388 ές
282 325 414 400 Δελφούς
430 327 495 403 περὶ
515 326 609 408 γόνου·
631 325 744 386 ἐσιόντα
762 326 791 385 δὲ
805 325 889 386 αύτόν
909 327 989 392 ἰθέως

178 413 202 491 ἦ
217 415 310 490 Πυθίη
323 413 527 495 προσαγορεύει
540 415 646 475 τοισίδε
658 419 735 475 τοῖσι
750 416 840 474 ἔπεσί·

230 513 339 588 Ἠετίων,
354 531 417 579 οὔτις
428 547 457 578 σε
468 531 513 578 τίει
525 533 654 578 πολύτιτον
665 530 743 589 έόντα,

231 603 317 664 Λάβδα
328 604 384 661 κύει,
397 604 460 661 τέξει
472 600 493 650 δ’
503 604 663 665 ὀλοοίτροχον·
677 604 700 650 έν
713 603 738 650 δέ
750 602 862 656 πεσεῖται

231 674 329 736 ἀνδράσι
339 674 502 736 μουνάρχοισι,
518 675 638 723 δικαιώσει
650 675 676 722 δέ
687 675 811 735 Κόρινθον.

180 780 268 836 ταῦτα
283 776 444 855 χρησθέντα
457 781 495 856 τῷ
508 776 635 836 Ἠετίωνι
649 773 852 856 ἐξαγγέλλεταί
863 799 915 838 κως
927 777 984 834 τοῖ-

181 889 213 923 σι
238 865 421 941 Βακχιάδῃσι,
444 868 520 924 τοῖσι
543 864 576 924 τό
601 867 652 941 μὲν
673 863 809 941 πρότερον
832 860 982 942 γενόμενον

180 951 353 1030 χρηστήριον
376 957 403 1015 ε’ς
427 952 566 1029 Κόρινθον
584 952 620 1029 ἦν
644 951 763 1028 ἄσημον,
787 952 875 1027 φέρον
898 976 929 1010 τε
956 956 984 1014 ἐς

183 1038 269 1099 τωυτό
283 1040 329 1098 καὶ
341 1041 373 1101 τό
387 1044 437 1100 τοῦ
450 1039 599 1104 Ἠετίωνος
613 1041 658 1100 καὶ
672 1040 757 1121 λέγον
770 1036 831 1098 ὦδε·

229 1159 313 1208 Δίετδς
325 1160 348 1207 έν
361 1159 463 1222 πέτρῃσι
473 1161 530 1206 κύει·
544 1161 607 1217 τέξει
618 1160 644 1206 δέ
655 1159 743 1206 λέοντα

229 1232 348 1291 καρτερόν,
364 1233 486 1290 ὠμηστήν·
500 1232 598 1278 πολλῶν
610 1229 631 1277 δ’
642 1231 687 1277 ὑπὸ
698 1232 806 1290 γούνατα
816 1230 893 1275 λύσει·

227 1303 306 1348 ταῦτά
318 1319 357 1350 νυν
370 1304 395 1348 εὖ
407 1303 536 1363 φράζεσθε,
553 1302 681 1363 Κορίνθιοι,
697 1302 719 1348 o!
730 1301 785 1360 περί
796 1301 873 1358 καλὴν

227 1374 344 1434 Πειρήνην
356 1375 442 1420 οίκεῖτε
455 1374 495 1420 καί
507 1373 638 1434 ὀφρυόεντα
650 1373 772 1435 Κόρινθον.

177 1473 260 1528 τοῦτο
276 1471 327 1542 μὲν
341 1468 374 1543 δή
389 1471 466 1527 τοῖσι
480 1469 657 1548 Βακχιάδησι
677 1469 812 1546 πρότερον
830 1467 982 1548 γενόμενον

179 1555 215 1632 ἧν
236 1555 416 1632 ἀτέκμαρτον·
437 1556 501 1615 τότε
524 1557 561 1625 δὲ,
580 1557 613 1616 τό
631 1557 758 1618 Ἠετίωνι
774 1556 923 1638 γενόμενον
945 1556 982 1620 ὥς

178 1645 320 1713 ἐπύθοντο,
336 1643 433 1704 αύτίκα
448 1646 494 1704 καὶ
507 1645 539 1704 τό
554 1645 689 1722 πρότερον
703 1649 827 1721 συνῆκαν
849 1643 894 1703 ἐόν
913 1670 980 1704 συν-

177 1733 247 1812 ῳδδν
264 1737 302 1812 τῷ
322 1732 476 1797 Ἠετίωνος·
499 1735 626 1796 συνέντες
642 1735 671 1793 δὲ
685 1733 835 1803 καὶτοῦτο,
851 1732 927 1812 εἶχον
948 1737 979 1792 ἐν

177 1821 289 1901 ἡσυχίῃ,
306 1822 448 1885 ἐθέλοντες
469 1821 518 1881 τόν
538 1823 683 1899 μέλλοντα
702 1819 829 1881 Ἠετίωνι
846 1821 979 1901 γενέσθαι

175 1909 259 1990 γόνον
281 1910 447 1986 διαφθεῖραι.
492 1909 527 1973 ιός
555 1909 577 1968 δ’
600 1911 673 1969 ἔτεκε
700 1907 719 1986 ἦ
746 1908 816 1990 γυνη
844 1908 976 1988 τάχιστα,

178 1999 321 2074 πέμπουσι
343 2001 440 2074 σφέων
462 1998 552 2057 αύτῶν
574 1998 639 2057 δέκα
662 2003 689 2061 ἐς
710 1997 759 2057 τόν
781 1997 868 2073 δῆμον
890 2001 919 2057 ἓν
939 2005 978 2077 τῷ

176 2088 323 2162 κατοίκητο
338 2086 465 2156 Ἠετίων,
484 2086 699 2149 ἀποκτενέοντας
719 2085 752 2145 τό
774 2086 893 2146 παιδίον·
914 2083 977 2145 άπι-

176 2173 287 2249 κόμενοι
301 2175 330 2232 δὲ
345 2171 422 2232 οὗτοι
439 2179 466 2237 ές
481 2173 533 2248 τήν
547 2175 668 2250 Πέτρην,
684 2174 730 2232 καὶ
743 2174 929 2250 παρελθόντες
949 2179 977 2238 ἒς

174 2261 226 2337 την
247 2262 337 2337 αύλην
358 2265 407 2320 τοῦ
428 2261 584 2332 Ἠετίωνος,
607 2264 698 2322 αἴτεον
720 2261 753 2322 τό
771 2262 890 2322 παιδίον·
911 2263 930 2338 ἦ
947 2263 977 2322 δὲ

176 2349 287 2425 Λάβδα,
303 2348 388 2408 εἰδυῖά
402 2376 432 2409 τε
446 2349 524 2410 οὐδὲν
537 2355 592 2410 τῶν
607 2351 697 2411 εἵνεκα
711 2355 808 2412 ε’κεῖνοι
829 2350 976 2409 ἀπικοίατο

175 2438 221 2496 καὶ
235 2437 371 2497 δοκέουσά
385 2445 477 2514 σφεας
491 2440 708 2517 φιλοφροσύνης
728 2443 778 2498 τοῦ
799 2438 905 2514 πατρός
924 2437 974 2498 εἶν-

175 2551 224 2583 εκα
237 2527 344 2596 αἰτέειν,
360 2526 489 2603 φέρουσα
508 2529 658 2606 ἐνεχείρισε
679 2527 769 2587 αὐτῶν
788 2527 835 2586 ἑνί·
856 2529 933 2585 τοῖσι
946 2525 976 2584 δὲ

173 2611 229 2690 ἄρα
248 2614 438 2690 ἐβεβούλευτο
458 2614 516 2674 κατ’
530 2615 603 2688 ὁδόν,
618 2615 668 2676 τόν
689 2619 799 2692 πρῶτον
817 2612 905 2673 αύτῶν
925 2616 976 2671 λα-

173 2701 319 2778 βάντα
286 2729 319 2762 το
341 2702 452 2762 παιδίον
473 2703 712 2779 προσουδίσαιΨ
700 2704 761 2761 επεί
781 2728 812 2762 τε
836 2701 873 2762 ὧν
894 2701 976 2760 ἔδωκε

174 2790 302 2868 φέρουσα
323 2816 342 2866 η
334 2789 473 2867 ’Λάβδα
494 2790 545 2850 τόν
566 2792 754 2867 λαβόντα
716 2817 770 2850 των
790 2789 896 2867 ἀνδρῶν
915 2789 975 2868 θείῃ

173 2878 245 2985 τύχῃ
264 2880 463 2958 προσεγέλασε
483 2905 516 2938 το
507 2879 653 2939 παιδίον·
676 2881 722 2938 καὶ
738 2905 795 2948 τον,
811 2878 976 2955 φρασθέντα

173 2971 265 3035 τοῦτο,
281 2966 371 3029 οἶκτός
391 2993 433 3029 τις
453 2968 530 3045 ἴσχει
546 2967 715 3027 ἀποκτεῖναι·
739 2967 925 3043 κατοικτείρας
946 2965 975 3023 δὲ
1025 3005 1027 3010 -

174 3052 322 3128 παραδιδοῖ
341 3057 379 3131 τῷ
399 3053 522 3131 δευτέρῳ·
545 3053 560 3112 ό
583 3055 620 3122 δὲ,
635 3059 672 3133 τῷ
685 3056 776 3132 τρίτῳ·
799 3053 871 3112 οὕτω
886 3053 919 3128 δὴ
937 3052 974 3110 δι-

175 3141 275 3214 εξῆλθε
290 3140 334 3198 διά
347 3139 457 3199 πάντων
470 3145 524 3199 τῶν
538 3141 604 3198 δέκα
617 3141 845 3218 παραδιδόμενον,
865 3139 976 3202 οὐδενός

174 3227 351 3303 βουλομένου
365 3227 578 3306 διεργάσασθαι·
599 3227 751 3290 άποδόντες
771 3227 807 3287 ὦν
827 3227 919 3286 ὀπίσω
939 3231 975 3304 τῇ

174 3313 294 3390 τεκούσῃ
316 3313 349 3372 τό
373 3313 483 3371 παιδίον
507 3315 553 3373 καὶ
577 3313 736 3382 ἐξελθόντες
759 3315 818 3384 ἔξω,
843 3317 975 3376 ἑστεῶτες
