2276 3554
159 155 270 220 66-69]
508 157 620 205 ΕΡΑΊὮ.
933 159 964 204 θό

155 237 299 312 βασιλεύς
319 234 377 296 ἄντ’
399 237 510 306 ἐκείνου,
524 238 638 314 πέμψας
657 235 708 297 τόν
729 235 894 313 θεράποντα,
916 239 962 297 ἐπὶ

156 325 264 405 γέλωτί
279 352 311 385 τε
330 325 376 384 καί
392 325 489 404 λάσθῃ
504 325 602 402 εἰρώτα
618 325 668 386 τόν
683 324 854 402 Δημάρητον
867 325 961 387 όκοῖόν

157 437 183 470 τι
200 413 242 488 εἰη
256 413 290 472 τό
304 414 400 492 ἄρχειν
413 414 484 490 μετά
500 413 534 473 τό
552 413 735 490 βασιλεύειν;
758 412 773 472 ό
788 413 817 472 δὲ
830 413 961 495 άλγήσας

157 503 197 578 τῷ
211 501 414 577 ἐπειρωτήματι
429 501 488 560 εἶπε
503 502 559 577 φάς
573 501 655 564 αύτός
668 504 719 578 μὲν
733 500 899 579 ἀμφοτέρων
909 502 962 580 ήδη

159 591 355 665 πεπειρῆσθαι,
371 593 460 649 κεῖνον
474 590 503 649 δέ
517 589 558 649 ού·
599 588 651 665 τήν
668 591 764 666 μέντοι
781 591 962 666 ἐπειρώτησιν

159 675 263 752 ταύτην
276 675 369 754 άρξειν
381 677 627 755 Λακεδαιμονίοισι
639 676 657 754 ἢ
670 679 770 755 μυρίης
781 678 931 755 κακότητος
943 679 962 757 ἢ

156 767 260 840 μυρίης
278 765 460 841 εὐδαιμονίης.
501 765 633 825 τοῦτοδὲ
647 768 725 828 εἴπας
743 766 788 824 καὶ
807 773 961 827 κατακαλυ-

158 853 291 929 ψάμενος,
314 853 357 929 ἤϊε
381 859 411 912 ἐκ
433 858 483 913 τοῦ
506 854 622 929 θεήτρου
646 859 673 916 ἐς
696 854 731 912 τά
753 857 854 913 ἑωυτοῦ
879 858 960 916 οἰκία·

158 940 258 1000 αύτίκα
269 941 298 1000 δέ
308 942 595 1018 παρασκευασάμενος
606 944 666 1001 ἔθυε
676 947 715 1020 τῷ
725 943 773 1000 Διί
782 944 863 1017 βοῦν,
873 944 962 1008 θύσας

158 1029 195 1098 δέ,
216 1029 270 1106 τήν
290 1033 397 1107 μητέρα
416 1030 543 1090 ἐκάλεσε.
584 1029 754 1109 Ἀπικομένῃ
775 1031 804 1088 δὲ
824 1035 860 1109 τῇ
877 1035 1007 1111 μητρὶ68

78 1117 82 1130 ’
158 1119 251 1182 ἐσθεὶς
268 1124 296 1182 ἐς
312 1119 362 1183 τάς
380 1117 475 1198 χεῖράς
494 1122 521 1178 οἱ
539 1122 594 1178 τῶν
610 1119 791 1198 σπλάγχνων,
806 1120 960 1182 κατικέτευε

156 1207 249 1285 λέγων
270 1207 373 1266 τοιάδε·
404 1207 451 1265 “ὦ
471 1211 569 1283 μῆτερ,
593 1207 663 1266 θεῶν
683 1232 718 1265 σε
738 1210 793 1266 τῶν
814 1233 845 1266 τε
865 1207 960 1270 άλλων

156 1294 368 1372 καταπτόμενος
387 1295 496 1356 ἱκετεύω
513 1296 559 1354 καὶ
577 1299 627 1354 τοῦ
645 1295 771 1371 Ἑρκείου
792 1297 860 1360 Διός
880 1300 960 1360 τοῦδε

156 1383 269 1458 φράσαι
284 1410 334 1460 μοι
351 1384 403 1459 τήν
421 1384 567 1460 α’ληθηΐην,
581 1384 623 1446 τίς
636 1409 688 1460 μευ
705 1385 765 1443 ἐστὶ
779 1385 871 1462 πατὴρ
888 1386 961 1468 όρθῷ

154 1470 251 1551 λόγῳ,
282 1473 452 1552 Λευτυχίδης
473 1475 525 1549 μὲν
548 1472 603 1552 γάρ
626 1473 681 1548 ἐφη
704 1477 732 1531 ἐν
753 1476 829 1532 τοῖσι
856 1477 959 1536 νείκεσι

156 1561 255 1640 λέγων,
281 1561 418 1620 κυέουσάν
439 1588 474 1620 σε
495 1566 525 1620 ἐκ
546 1564 597 1620 τοῦ
617 1563 754 1637 προτέρου
773 1561 870 1640 άνδρός
888 1564 959 1624 οὕτω

155 1649 250 1708 ἐλθεῖν
271 1649 348 1727 παρά
365 1649 530 1726 Ἀρίστωνα·
553 1652 580 1708 οἱ
598 1649 627 1708 δέ
647 1649 692 1707 καὶ
710 1649 760 1709 τόν
776 1651 960 1729 ματαιότερον

157 1737 245 1812 λόγον
266 1740 396 1819 λέγοντες
414 1740 491 1814 φασί
506 1764 541 1796 σε
559 1738 651 1796 ἐλθεῖν
670 1737 747 1812 παρά
762 1741 817 1797 τών
835 1742 960 1800 οἰκετέων

153 1825 204 1884 τόν
216 1825 390 1903 ὀνοφορβόν,
405 1827 450 1885 καὶ
464 1829 512 1903 ἐμὲ
530 1826 599 1883 εἶναι
614 1826 717 1884 ἐκείνου
729 1826 825 1884 παῖδα.
856 1828 908 1907 ἐγώ
923 1827 960 1888 ών

154 1939 190 1972 σε
202 1916 376 1994 μετέρχομαι
389 1920 444 1975 τῶν
458 1916 527 1975 θεῶν
541 1918 627 1972 εἰπεῖν
639 1913 672 1972 τό
687 1913 799 1990 άληθές·
822 1914 885 1973 οὔτε
894 1917 958 1996 γάρ,

155 2005 181 2062 εἰ
192 2030 245 2080 περ
259 2005 414 2081 πεποίηκάς
426 2031 454 2064 τι
466 2008 521 2064 τῶν
532 2004 699 2084 λεγομένοιν,
709 2003 799 2079 μούνη
814 2003 847 2078 δή
862 2007 958 2064 πεποί-

154 2117 223 2167 ηκας
235 2092 308 2169 μετά
317 2094 448 2153 πολλέων
462 2093 500 2150 δέ·
516 2091 573 2150 ὅτε
584 2090 670 2172 λόγος
683 2091 793 2154 πολλός
804 2097 832 2150 ἐν
844 2092 960 2173 Σπάρτῃ

154 2179 191 2243 (εἷς
209 2181 361 2258 Ἀρίστωνι
380 2184 495 2258 σπέρμα
515 2179 681 2239 παιδοποιόν
702 2179 752 2238 ούκ
773 2184 846 2256 ἐνῆν·
869 2187 958 2242 τεκεῖν

154 2269 209 2348 γάρ
225 2269 260 2329 άν
279 2272 306 2329 οἱ
325 2271 371 2328 καί
387 2271 437 2332 τάς
455 2271 592 2346 προτέρας
609 2268 766 2348 γυναῖκας.”
807 2268 841 2328 ‘O
858 2273 910 2347 μὲν
924 2272 958 2347 δή
968 2276 1004 2331 69

153 2363 271 2418 τοιαῦτα
298 2361 387 2440 ἔλεγε·
421 2358 441 2434 ἡ
468 2358 497 2417 δέ
524 2356 659 2433 ἀμείβετο
686 2357 790 2416 τοῖσδε·
823 2357 870 2417 “ώ
897 2364 956 2430 παῖ,

154 2449 245 2506 ἐπείτε
258 2473 294 2524 με
308 2451 407 2526 λιτῇσι
415 2448 563 2525 μετέρχεαι
578 2448 663 2504 εἰπεῖν
673 2444 724 2520 τήν
738 2445 885 2523 άληθηΐην,
899 2453 956 2506 πᾶν

153 2539 192 2598 εἰς
204 2538 240 2595 σέ
254 2536 449 2612 κατειρήσεται
461 2534 591 2611 τάληθές.
629 2531 664 2595 ὥς
676 2559 713 2609 με
726 2533 847 2615 ἠγάγετο
860 2536 956 2612 Ἀρίσ-

152 2650 207 2683 των
220 2629 248 2687 ἰς
262 2628 372 2694 ἑωυτοῦ,
385 2625 462 2684 νυκτὶ
475 2624 555 2702 τρίτῃ
569 2621 625 2681 άπό
639 2626 689 2696 τῆς
699 2623 809 2698 πρώτης
823 2623 896 2698 ἦλθέ
907 2651 956 2701 μοι

153 2712 259 2788 φάσμα
274 2711 415 2788 εἰδόμενον
426 2710 586 2788 Ἀρίστωνι·
600 2712 764 2786 συνευνηθὲν
778 2711 807 2770 δὲ
817 2711 881 2774 τούς
894 2739 955 2772 στε-

153 2800 261 2872 φάνους
275 2798 321 2862 οὓς
335 2799 393 2878 εἶχε
408 2801 470 2876 ἐμοὶ
484 2801 641 2876 περιετίθει·
664 2801 709 2857 καὶ
722 2800 755 2858 τό
769 2803 821 2875 μὲν
835 2800 956 2879 οἰχώκεε,

151 2885 203 2962 ἧκε
217 2888 247 2947 δέ
260 2887 332 2963 μετά
344 2891 434 2947 ταῦτα
446 2887 593 2964 Ἀρίστων·
616 2887 650 2949 ώς
664 2887 695 2946 δέ
705 2913 741 2963 με
762 2887 816 2945 εἶδε
835 2888 956 2965 ἔχουσαν

152 2975 320 3052 στεφάνους,
333 2974 430 3053 εἰρώτα
444 2977 485 3039 τίς
499 2977 540 3052 εἴη
552 2975 568 3036 ὅ
578 3001 627 3052 μοι
638 2976 717 3044 δούς;
738 2975 791 3056 ἐγώ
804 2975 832 3033 δὲ
844 2976 956 3053 ἐφάμην

153 3067 269 3124 ἐκεῖνον·
297 3063 313 3123 ό
335 3064 364 3123 δέ
389 3064 438 3124 οὐκ
463 3064 619 3123 ὑπεδέκετο·
642 3064 695 3143 ἐγώ
717 3064 746 3122 δέ
774 3064 956 3139 κατωμνύμην

152 3152 268 3228 φαμένη
295 3149 380 3213 αύτδν
414 3151 450 3211 ού
481 3155 574 3214 καλῶς
606 3151 710 3208 ποιέειν
741 3149 955 3224 ἀπαρνεόμενον·

153 3231 254 3312 όλίγον
274 3232 328 3313 γάρ
348 3258 376 3291 τι
397 3233 532 3309 πρότερον
553 3229 672 3290 ἐλθόντα
691 3229 737 3286 καὶ
755 3230 956 3302 συνευνηθέντα

153 3320 253 3382 δοῦναί
270 3345 320 3397 μοι
340 3320 405 3384 τούς
425 3318 592 3393 στεφάνους.
617 3315 701 3390 ὁρέων
719 3314 747 3372 δέ
765 3340 800 3389 με
823 3341 955 3390 κατομνυ·
