2276 3554
152 109 201 158 ιιι
461 109 644 161 ιιιοιονου
871 109 948 175 [vu.

151 192 244 258 τοῦτο,
258 188 274 248 ὅ
287 211 315 248 τι
329 187 363 263 δή
377 188 442 248 κοτέ
458 194 519 248 ἐστι
532 188 565 249 τό
579 187 796 266 ἐπιφαινόμενόν
815 215 860 250 τοι
873 196 901 250 ἐν
914 195 953 272 τῷ

150 275 236 357 ὕπνῳ,
250 275 324 337 ώστε
341 276 415 347 δόξει
436 280 485 353 ἐμὲ
505 276 578 354 ὀροῖν
598 278 634 336 σὲ
655 275 782 355 εῖναι,τῇ
799 281 841 357 σῇ
854 279 954 354 ἐσθῆτι

150 365 376 442 τεκμαιρόμενον·
398 367 422 424 εῖ
440 365 469 423 δὲ
488 367 537 442 ἐμέ
554 367 606 442 μὲν
626 369 655 425 ἐν
676 362 766 425 οόδενὶ
782 366 858 448 λόγῳ
874 366 954 442 ποιή-

152 479 241 524 σεται,
260 453 323 513 οὐδὲ
343 452 457 523 ἀξιώσει
478 457 655 530 ἐπιφανῆναι,
670 451 733 514 οὔτε
754 450 789 529 ἣν
809 454 861 531 τὴν
883 454 954 531 ἐμήν

153 543 262 618 ἐσθῆτα
275 542 329 620 ἔχω
344 541 406 602 οέπε
419 539 454 618 ἢν
467 541 520 617 την
532 540 596 617 σὴν,
606 543 640 600 σέ
654 541 684 600 δέ
697 541 883 618 ἐπιφοιτήσει,
890 546 954 604 τοῦ·

153 657 185 690 το
206 628 261 705 ἥδη
280 630 421 707 μαθητέον
443 630 515 690 ἐστι’·
539 633 563 690 εἰ
582 629 638 710 γάρ
656 628 690 705 δὴ
708 630 903 706 ε’πιφοιτήσειέ
920 657 955 712 γε

152 718 298 798 συνεχέως,
313 718 401 794 φαίην
421 716 455 778 δν
476 718 522 776 καὶ
542 716 625 781 αότός
638 718 713 777 θεῖον
731 717 809 777 εῖναι·
831 722 855 778 εἰ
868 719 899 778 δέ
910 745 955 778 τοι

153 805 223 866 οὕτω
244 805 389 882 δεδόκηται
403 806 542 887 γίνεσθαι,
557 805 603 864 καὶ
616 803 667 864 οάκ
682 804 727 864 οῖά
739 831 770 864 τε
782 803 850 865 αώτό
866 831 954 884 παρα-

153 894 260 972 τρέψαι,
275 893 340 954 ἀλλ’
353 892 407 970 ἤδη
426 893 469 953 δεῖ
488 896 537 971 ἐμὲ
558 898 587 953 ἐν
607 894 686 972 κοίτη
706 896 798 973 τῇσῇ
815 899 955 954 κατυπνῶ·

154 1007 211 1052 σαι,
234 983 311 1059 φέρε,
333 981 438 1043 τούτων
458 983 489 1052 ἐξ
509 985 575 1059 ἐμεῦ
597 982 821 1058 ἐπιτελευμένων,
840 982 955 1059 φανήτω

154 1072 200 1130 καὶ
213 1071 284 1149 ἐμοί·
304 1071 389 1150 μέχρι
404 1070 434 1130 δέ
447 1069 555 1140 τούτου,
569 1074 605 1149 τῇ
618 1069 763 1149 παρεούσῃ
776 1070 873 1151 γνώμῃ
886 1069 955 1150 χρή-

107 1162 142 1220 17
156 1158 271 1238 σομαι.”
311 1163 444 1219 Τοσαῦτα
465 1159 544 1223 εἴπας
559 1158 735 1236 Ἀρτάβανος
755 1159 874 1230 ἐλπίζων
887 1160 955 1236 Ξέρ·

154 1249 202 1319 ξεα
216 1247 360 1318 ἀποδέξειν
373 1249 496 1328 λέγοντα
509 1247 596 1316 οὐδὲν,
611 1247 701 1306 ἐποίεε
717 1246 750 1307 τό
764 1246 955 1323 κελευόμενον·

155 1337 230 1399 ἐνδιῖς
251 1337 280 1396 δέ
301 1336 353 1412 τήν
374 1336 483 1413 Ξέρξεω
505 1336 613 1411 ἐσθῆτα
637 1335 683 1394 καὶ
708 1334 832 1411 ἱζόμενος
856 1340 883 1398 ἐς
905 1334 957 1396 τόν

154 1424 310 1502 βασιλήϊον
329 1423 437 1501 θρόνον,
456 1423 492 1488 ώς
509 1423 581 1501 μετά
601 1427 689 1483 ταῦτα
710 1427 804 1483 κοῖτον
824 1423 955 1494 ἐποιέετο,

153 1512 227 1590 ἦλθέ
247 1515 274 1572 οἶ
296 1513 496 1592 κατυπνωμένῳ
519 1511 607 1572 τώυτό
631 1510 737 1588 όνειρον
758 1511 791 1571 τό
813 1511 859 1570 καὶ
879 1513 956 1589 παρά

154 1602 260 1678 Ξέρξεα
281 1601 391 1678 ἐφοίτα·
411 1600 555 1678 ὑπερστάν
576 1599 606 1659 δέ
627 1603 677 1660 τοῦ
694 1598 881 1676 Ἀρταβάνου,
896 1599 956 1660 εἶπε

155 1688 229 1751 τάδε·
251 1688 332 1767 “ἆρα
352 1688 389 1750 σθ
410 1687 444 1765 δή
465 1691 553 1752 κεῖνος
572 1687 611 1751 εἶς
624 1687 640 1747 ό
654 1687 837 1747 ἀποσπεύδων
851 1688 957 1764 Ξέρξεα

155 1777 359 1857 στρατεύεσθαι
385 1778 432 1837 ἐπὶ
454 1777 507 1853 τὴν
529 1776 666 1847 Ἑλλάδα,
690 1775 726 1839 ώς
749 1775 783 1851 δη
808 1775 957 1852 κηδόμενος

156 1866 258 1938 αότοΰ;
280 1865 345 1927 ἀλλ’
357 1864 419 1926 οὔτε
434 1870 461 1929 ἐς
473 1864 507 1924 τό
521 1865 677 1941 μετέπειτα,
687 1862 751 1924 οὔτε
765 1869 792 1927 ές
804 1863 837 1923 τό
852 1889 957 1941 παραυ·

155 1957 218 2016 τίκα
231 1959 280 2016 νῦν
294 1954 491 2032 καταπροΐξεαι
501 1951 665 2028 ἀποτρέπων
674 1951 707 2012 τό
720 1952 804 2031 χρεόν
814 1952 956 2032 γενέσθαι·

155 2045 261 2121 Ξέρξεα
274 2043 303 2103 δέ
316 2043 352 2102 τά
365 2042 407 2102 δεῖ
418 2041 641 2118 ἀνηκουστέοντα
651 2041 772 2109 παθέειν,
783 2038 855 2118 αὐτῷ
865 2039 958 2119 ἐκείνῳ

110 2129 337 2208 188εδήλωται.”
377 2129 472 2189 Ταῦτά
493 2154 524 2189 τε
549 2128 583 2204 δὴ
608 2128 698 2188 ἐδόκεε
721 2126 898 2204 Ἀρτάβανος
923 2128 958 2188 τό

156 2219 262 2295 ὄνειρον
283 2217 432 2288 ἀπειλέειν,
450 2218 496 2276 καὶ
515 2217 645 2294 θερμοῖσι
666 2216 820 2292 σιδηρίοισι
841 2217 959 2277 ἐκκαίειν

156 2305 241 2365 αὐτοῦ
263 2307 380 2383 μέλλειν
399 2304 464 2368 τούς
485 2303 662 2381 ὀφθαλμούς·
691 2305 737 2362 καὶ
759 2303 797 2374 ὃς,
817 2303 857 2381 ἀμ
883 2303 959 2369 ώσας

156 2395 238 2476 μέγα,
260 2392 441 2471 ἀναθρώσκει,
465 2394 510 2452 καὶ
531 2392 715 2470 παριζόμενος
730 2393 831 2472 Ξέρξη,
852 2392 887 2456 ώς
907 2393 960 2469 τὴν

156 2483 222 2560 ὄψιν
236 2485 262 2541 οἶ
274 2485 325 2542 τοῦ
339 2482 466 2542 ἐνυπνίου
483 2481 611 2557 διεξῆλθε
632 2480 831 2559 ἀπηγεόμενος,
846 2480 960 2558 δεύτερά

156 2574 182 2630 οἱ
203 2572 280 2652 λέγει
298 2569 374 2630 τάδε·
395 2580 413 2606 “
422 2569 476 2652 ἐγώ
490 2572 551 2646 μὲν,
566 2568 586 2628 ὦ
600 2571 734 2646 βασιλεῦ,
748 2569 794 2628 οἶα
815 2567 960 2646 ἅνθρωπος

157 2659 220 2720 ἰδών
237 2657 291 2736 ἤδη
311 2657 409 2718 πολλά
427 2683 457 2719 τε
475 2658 521 2717 καὶ
541 2656 654 2738 μεγάλα
668 2657 794 2718 πεσόντα
806 2657 958 2738 πρήγματα

155 2747 211 2809 όπὸ
226 2747 367 2824 ἡσσόνων,
382 2745 432 2806 οὐκ
446 2747 495 2806 έων
508 2772 544 2806 σε
555 2745 592 2805 τά
605 2745 696 2805 πάντα
709 2750 745 2824 τῇ
758 2744 855 2823 ἡλικίη
869 2745 960 2816 εἴκειν,

158 2834 341 2911 ἐπιστάμενος
364 2835 399 2898 ώς
421 2834 507 2914 κακόν
531 2834 573 2910 εἴη
596 2833 629 2894 τό
652 2837 770 2893 πολλῶν
794 2833 960 2909 ἐπιθυμέειν,

156 2924 330 3001 μεμνημένος
342 2926 394 3000 μὲν
407 2922 457 2983 τόν
473 2922 518 2981 ἐπὶ
532 2922 728 3003 Μασσαγέτας
742 2921 838 2998 Κόρου
853 2919 961 2982 στόλον

158 3011 193 3073 ώς
212 3011 319 3086 ἔπρηξε,
334 3010 508 3087 μεμνημένος
526 3009 556 3069 δέ
576 3009 622 3068 καὶ
643 3010 693 3070 τόν
706 3009 748 3070 ἐπ’
762 3009 900 3074 Αἰθίοπας
911 3008 962 3070 τόν

158 3097 332 3173 Καμβύσεω,
357 3095 615 3174 συστρατευόμενος
641 3097 671 3156 δέ
701 3098 747 3158 καὶ
776 3097 885 3176 Δαρεέιρ
915 3099 962 3157 ἐπὶ

159 3185 276 3248 Σκύθας·
298 3185 482 3262 ἐπιστάμενος
500 3187 596 3256 ταῦτα,
613 3185 727 3266 γνώμην
748 3184 832 3265 εἶχον,
850 3184 962 3262 ἀτρεμί·

158 3271 240 3340 ζοντό
253 3296 288 3330 σε
300 3272 475 3349 μακαριστόν
489 3272 558 3332 εῖναι
578 3272 648 3350 πρός
668 3273 778 3334 πάντων
798 3272 962 3350 ἀνθρώπων.
