2258 3568
136 145 247 210 16-2lj
488 122 598 192 υυιυο.
909 143 939 188 ιι

136 227 167 285 δὲ
185 223 363 302 παρενθήκην
381 225 486 304 ἔχρησε
507 228 534 286 ἐς
552 223 722 298 Μιλησίους.
762 219 796 280 τδ
818 219 871 297 μέν
891 244 940 280 νυν

136 317 165 376 ἒς
185 313 253 375 τούς
267 312 410 394 Ἀργείους
430 313 504 390 ἔχον,
520 310 603 370 ε’πεάν
624 310 695 369 κατὰ
714 313 799 369 τοῦτο
819 309 940 389 γένωμαι

139 406 187 462 τοῦ
205 401 295 481 λόγου
308 401 371 461 τότε
384 400 598 479 μνησθήσομαι·
619 398 655 458 τά
674 398 704 458 δέ
724 401 801 458 τοῖσι
814 397 939 473 Μιλησί-

135 516 197 550 οισι
218 489 251 549 ωό
272 494 409 566 παρεοῦσι
431 489 535 568 ἔχρησε
557 489 614 567 ἔχει
635 485 697 547 ὦδε·

252 651 303 698 Καὶ
314 650 370 698 τότε
381 651 417 708 δὴ,
433 649 537 707 Μίλητε,
551 649 629 696 κακῶν
641 647 775 708 ἐπιμήχανε
786 647 869 708 ἔργων,

253 723 367 770 πολλοῖσι
379 722 472 770 δεῖπνόν
484 723 562 768 τεκαὶ
574 721 659 780 ἀγλαὰ
670 721 734 782 δῶρα
744 721 851 780 γενήσει·

252 796 295 844 σαί
306 793 327 842 δ’
337 793 425 854 ἄλοχοι
436 793 550 841 πολλοῖσι
561 794 637 841 πόδας
646 793 742 854 νίψουσι
754 792 876 849 κομήταις·

252 867 310 926 νηοῦ
320 865 342 914 δ’
350 866 465 928 ἡμετέρου
476 867 585 923 Διδύμοις
597 865 695 913 ἄλλοισι
706 865 814 922 μελήσει.

134 1006 202 1068 τότε
225 1007 260 1083 δὴ
283 1011 371 1068 ταίντο
392 1006 457 1070 τοδς
478 1007 640 1082 Μιλησίους
664 1005 871 1081 κατελάμβανε,
894 1003 940 1064 ὅτε

134 1121 170 1176 γε
188 1094 286 1172 ἄνδρες
302 1099 355 1172 μὲν
376 1099 402 1155 οἱ
423 1098 539 1157 πλεῦνες
555 1095 707 1153 ε’κτείνοντο
725 1093 780 1152 όπό
800 1096 854 1151 τῶν
868 1098 940 1168 Περ·

135 1184 211 1242 σέων
225 1183 325 1242 ἐόντων
338 1183 488 1261 κομητέων,
501 1185 627 1262 γυναῖκες
644 1182 673 1241 δέ
691 1182 737 1240 καὶ
753 1180 835 1239 τέκνα
851 1184 879 1237 έν
896 1179 941 1238 α’ν-

137 1271 284 1348 δραπόδων
303 1271 379 1352 λόγῳ
400 1271 532 1351 ἐγίνοντο·
555 1269 615 1347 ἱρόν
636 1271 665 1329 δὲ
685 1269 718 1330 ro*
735 1274 764 1328 έν
781 1266 940 1343 Διδύμοισι,

136 1359 154 1420 ὁ
178 1359 244 1436 νηός
267 1386 298 1419 τε
322 1361 367 1418 καὶ
390 1358 423 1419 τό
446 1359 626 1438 χρηστήριον,
649 1358 809 1434 συληθέντα
833 1357 939 1434 ε’νεπίμ-

138 1474 240 1526 πρατο.
281 1448 371 1508 τῶνδ’
386 1453 415 1507 έν
427 1451 465 1526 τῷ
479 1451 527 1526 ίρῷ
539 1448 627 1527 τούτῳ
640 1447 789 1526 χρημάτων
802 1445 941 1508 πολλάκις

138 1537 252 1614 μνήμην
266 1538 377 1614 ἑτέρωθι
393 1540 443 1595 τοῦ
464 1535 551 1616 λόγου
571 1535 755 1613 ἐποιησάμην.
796 1534 940 1594 Ἐνθεῦτεν
950 1535 987 1593 20

140 1627 168 1684 οἶ
191 1626 376 1706 ζωγρηθέντες
401 1628 456 1684 τῶν
480 1625 631 1700 Μιλησίων
651 1623 753 1705 ἤγοντο
781 1630 808 1688 ές
833 1625 939 1684 Σοῦσα.

140 1713 281 1788 βασιλεύς
294 1713 325 1771 δέ
337 1720 428 1788 σφεας
442 1715 560 1788 Δαρεῖος
574 1712 659 1772 κακὸν
673 1711 752 1772 οὐδὲν
772 1711 845 1771 ἄλλο
862 1709 940 1786 ποιή-

140 1827 194 1864 σας
213 1802 355 1860 κατοίκισε
375 1801 420 1859 έπὶ
440 1805 476 1879 τῇ
489 1800 611 1880 Ἐρυθρῇ
625 1802 780 1878 καλεομένη
795 1799 939 1877 θαλάσσῃ,

141 1888 278 1967 ένἈμπῃ
298 1888 376 1958 πόλι,
390 1888 455 1966 παρ’
469 1888 504 1964 ἢν
517 1890 619 1969 Τίγρης
633 1889 759 1965 ποταμός
778 1887 940 1964 παραρρέων

141 1981 168 2040 ε’ς
186 1977 338 2036 θάλασσαν
356 1977 430 2046 ἐξίει.
471 1980 521 2052 τῆς
539 1977 568 2036 δὲ
586 1978 730 2053 Μιλησίης
750 1975 842 2056 χώρης
862 1974 940 2035 αυτοὶ

140 2067 191 2142 μὲν
209 2069 236 2124 οἱ
250 2066 362 2140 Πέρσαι
383 2065 460 2144 εἶχον
479 2064 515 2125 τά
535 2065 599 2142 περὶ
620 2065 671 2140 τήν
689 2066 773 2124 πόλιν
788 2065 834 2122 καὶ
846 2064 879 2124 τό
892 2089 939 2123 πε-

139 2153 206 2222 δίον,
229 2151 266 2211 τά
291 2152 321 2212 δὲ
347 2151 501 2228 ὑπεράκρια
528 2152 629 2212 ἔδοσαν
653 2153 749 2230 Καρσὶ
773 2151 940 2228 Πηδασεῦσι

139 2241 281 2316 έκτήσθαι.

180 2330 313 2389 Ποθοῦσι
326 2331 355 2388 δὲ
368 2333 455 2389 ταῦτα
469 2330 641 2406 Μιλησίοισι
659 2329 730 2408 πρός
743 2331 876 2408 Περσέων
890 2329 939 2391 οόκ
949 2334 983 2390 21

138 2417 282 2478 ἀπέδοσαν
304 2419 357 2493 τήν
380 2416 480 2494 ὁμοίην
505 2419 670 2496 Συβαρῖται,
695 2418 721 2478 οἳ
745 2418 822 2478 Λάον
842 2446 872 2478 τε
893 2421 939 2478 καὶ

137 2506 257 2584 Σκίδρον
267 2507 357 2566 οἴκεον
369 2510 420 2581 τῆς
432 2506 531 2569 πόλιος
541 2505 771 2584 ἀπεστερημένοι.
798 2507 938 2583 Συβάριος

136 2594 192 2676 γάρ
211 2595 338 2672 άλοόσης
358 2594 413 2655 όπό
436 2597 656 2672 Κροτωνιητέων,
679 2596 821 2672 Μιλήσιοι
840 2595 938 2658 πάντες
989 2631 1000 2648 ν

135 2683 247 2760 ἡβηδόν
267 2683 448 2760 ἀπεκείραντο
468 2683 517 2747 τάς
538 2685 664 2760 κεφαλάς
682 2686 728 2743 καὶ
745 2686 845 2747 πένθος
865 2685 938 2763 μέγα

134 2772 338 2849 προεθήκαντο·
366 2771 463 2834 πόλιες
485 2772 539 2852 γὰρ
565 2771 644 2832 αὗται
668 2773 796 2850 μάλιστα
823 2772 856 2848 δή
885 2775 938 2831 τῶν

134 2859 217 2938 ἡμεῖς
238 2861 316 2938 ἴδμεν
335 2859 484 2938 ἀλλήλῃσι
505 2862 697 2937 ἐξεινώθησαν.
740 2861 819 2921 οόδέν
837 2861 937 2938 ὁμοίως

135 2950 182 3007 καὶ
199 2948 353 3026 Ἀθηναῖοι.
395 2947 540 3024 Ἀθηναῖοι
556 2952 606 3026 μὲν
624 2951 678 3030 γάρ
696 2951 783 3026 δῆλον
802 2950 938 3024 ἐποίησαν

134 3035 392 3115 όπεραχθεσθέντες
411 3039 447 3115 τῇ
468 3037 599 3112 Μιλήτου
619 3038 734 3106 άλῶσει,
755 3043 791 3114 τῇ
810 3063 840 3096 τε
861 3036 937 3113 άλλη

134 3129 281 3203 πολλαχῆ,
295 3125 341 3183 καὶ
355 3123 388 3199 δή
403 3126 449 3182 καὶ
465 3124 616 3198 ποιήσαντι
633 3124 758 3200 Φρυνίχῳ
777 3125 869 3198 δρᾶμα
883 3127 936 3178 Μι-

133 3213 225 3288 λήτου
246 3213 355 3272 ἅλωσιν
374 3212 420 3270 καὶ
437 3211 585 3279 διδάξαντι,
601 3216 627 3272 ές
646 3207 750 3280 δάκρυά
763 3231 794 3264 τε
807 3207 890 3262 ἔπεσε
903 3204 936 3260 τό

134 3302 254 3377 θέητρον
271 3302 318 3360 καὶ
337 3297 495 3375 ἐζημίωσάν
510 3323 568 3372 μιν,
583 3296 618 3357 ως
635 3289 834 3364 ἀναμνήσαντα
847 3287 938 3357 οἰκήϊα
