2282 3550
140 85 187 131 ιιι
448 84 629 134 Ἤτοιουου
688 136 691 141 ,
849 83 941 148 [vm.

138 162 171 222 τό
186 162 318 239 δράμημα
327 166 382 222 τιὲν
398 162 488 221 ἵππων
502 164 636 221 καλέουσι
651 164 762 239 Πέρσαι
776 161 943 245 οἷγγαρήῖον.

92 254 129 310 99
139 251 176 309 Ἡ
191 253 243 327 μὲν
261 249 296 325 δή
314 253 410 327 πρώτη
428 255 455 314 ές
476 253 573 314 Σοῦσα
590 250 708 332 όγγελίη
726 250 887 329 ἀπικομένη,
908 255 944 318 ὦς

141 341 200 418 ἔχοι
220 338 341 414 Ἀθήνας
361 341 473 416 Ξέρξης,
499 341 596 418 ἔτερψε
617 339 686 399 οὕτω
708 339 741 415 δή
761 367 789 399 τι
810 344 944 418 Περσέων

139 427 203 490 τούς
215 426 446 502 ὑπολειφθέντας,
462 429 497 491 ὦς
510 427 559 490 τός
572 455 603 488 τε
617 428 697 490 όδούς
714 429 835 507 μυρσίνη
849 431 944 495 πάσας

140 515 295 593 ἐστόρεσαν
317 516 363 574 καὶ
381 517 498 593 έθυμίων
516 515 685 593 θυμιήματα,
705 516 751 574 καὶ
770 516 849 576 αὐτοὶ
869 517 944 592 ἦσαν

141 609 169 664 έν
192 605 311 682 θυσίῃσί
328 631 359 664 τε
382 605 427 663 καὶ
451 603 609 683 εύπαθίῃσι·
644 603 663 680 ή
691 605 720 662 δὲ
748 604 859 682 δευτέρη
888 614 944 682 σφι

139 692 257 775 οἶγγελίη
292 693 481 763 ἐπεξελθοῦσα
512 695 627 772 συνέχεε
662 692 740 762 οὕτω,
777 692 849 752 ὥστε
879 696 944 759 τούς

140 783 256 846 κιθῶνας
277 782 478 859 κατερρήξαντο
503 780 611 850 πάντες,
636 783 695 860 βοή
715 807 746 840 τε
768 781 813 839 καὶ
835 785 943 864 οἰμωγή

142 871 275 981 ἐχρέωντο
289 869 409 948 ἀπλέτῳ,
425 868 584 976 Μαρδόνιον
598 874 627 928 ἐν
641 869 714 948 αἰτίη
727 869 856 932 τιθέντες.
894 870 943 930 ούκ

144 958 214 1018 οὕτω
233 959 262 1018 δὲ
278 959 342 1036 περὶ
359 961 414 1017 τῶν
431 962 502 1034 νηῶν
521 957 672 1037 α’χθόμενοι
685 961 772 1016 ταῦτα
786 960 813 1016 οἶ
832 960 944 1036 Πέρσαι

144 1049 260 1118 ε’ποίευν,
276 1045 311 1110 ὥς
309 1046 388 1158 περὶ
402 1045 508 1124 αὐτῷ’·
487 1046 577 1124 Ξέρξη
589 1046 780 1122 δειμαίνοντες.
822 1046 868 1104 καὶ
880 1049 944 1124 περὶ

142 1137 257 1212 Πέρσας
283 1138 335 1212 μὲν
355 1134 390 1210 ἢν
411 1139 498 1193 ταῦτα
521 1134 570 1193 τόν
594 1133 685 1194 πάντα
711 1134 816 1210 μεταξύ
842 1135 944 1214 χρόνον

141 1224 296 1336 γενόμενον,
312 1225 396 1302 μέχρι
410 1220 442 1282 οὗ
457 1223 563 1300 Ξέρξης
576 1222 659 1286 αύτός
672 1229 764 1297 σφεας
778 1221 944 1300 α’πικόμενος

141 1337 253 1370 επαυσε.

95 1402 151 1458 100
204 1399 362 1476 Μαρδόνιος
389 1399 418 1458 δὲ
449 1398 533 1476 όρέων
567 1401 618 1475 μὲν
653 1400 760 1476 Ξέρξην
792 1401 945 1478 συμφορήν

139 1487 267 1568 μεγάλην
289 1493 318 1546 ε’κ
344 1492 394 1562 τῆς
415 1513 568 1566 ναυμαχιης
589 1487 759 1565 ποιεύμενον,
782 1487 944 1548 ὑποπτεύων

143 1577 172 1634 δὲ
186 1575 269 1636 αὐτόν
284 1575 411 1652 δρησμὸν
424 1575 571 1652 βουλεύειν
586 1581 615 1636 ἐκ
630 1580 685 1635 τῶν
698 1575 844 1651 Ἀθηνέων,
859 1583 944 1652 φρον-

140 1665 221 1727 τίσας
234 1663 304 1741 πρὸς
320 1663 419 1723 ἑωυτόν
439 1663 474 1726 ὥς
490 1663 574 1723 δύσει
588 1664 665 1739 δίκην
680 1663 843 1744 α’ναγνιύσας
856 1665 943 1738 βασι·

140 1753 193 1812 λέα
212 1752 415 1829 στρατεύεσθαι
434 1753 479 1810 ε’πὶ
492 1751 544 1827 τήν
557 1751 691 1820 Ἑλλάδα,
711 1752 759 1808 καί
775 1754 802 1810 οἱ
821 1752 944 1827 κρέσσον

140 1843 182 1948 εἴη
199 1840 425 1901 ἀνακινδυνεῦσαι
439 1838 457 1914 ἢ
471 1837 747 1920 κατεργάσασθαι
713 1865 764 1914 την
776 1838 943 1916 Ελλάδα,ἢ

660 1928 667 1947 Ι
729 1927 736 1946 Ι
762 1929 770 1949 x

142 1929 226 1989 αύτὸν
249 1933 339 1992 καλῶς
362 1932 529 2038 τελευτησαι
554 1927 603 1988 τόν
630 1929 697 2004 βιον
720 1953 789 2004 υπερ
812 1926 944 2008 μεγάλων

141 2019 318 2126 αἰωρηθέντα·
340 2017 480 2076 πλέον’
443 2043 538 2092 μεντοι
556 2017 638 2094 ἔφερέ
656 2019 683 2074 οἱ
699 2015 717 2128 ή
733 2015 830 2096 γνώμη
849 2043 943 2094 κατερ-

140 2105 297 2186 γόσθαι
263 2131 314 2181 την
334 2103 471 2163 Ελλάδα·
493 2103 716 2186 λογισόμενος’
696 2130 732 2162 ων
745 2130 840 2173 ταυτα,
854 2130 943 2180 προσ-

143 2195 225 2270 έφερε
252 2192 301 2252 τόν
328 2194 414 2272 λόγον
441 2193 530 2252 τόνδε·
563 2203 579 2228 “
590 2192 722 2262 δέσποτα,
748 2191 819 2268 μήτε
845 2193 943 2263 λυπέο,

139 2280 211 2358 μήτε
245 2282 413 2393 συμφορήν
429 2283 566 2358 μηδεμίαν
600 2280 727 2362 μεγάλην
759 2285 838 2339 ποιεῦ
863 2280 945 2341 τοῦδε

141 2374 191 2429 τοῦ
191 2368 385 2478 γεγονότος
387 2397 487 2429 εινεκεν
511 2369 684 2450 πρήγματος·
717 2368 749 2428 οὗ
776 2396 830 2450 γαρ
854 2369 945 2438 ξύλων

141 2457 215 2540 όγων
242 2457 257 2518 6
284 2458 317 2517 τό
345 2462 401 2516 πᾶν
429 2459 521 2535 φέρων
554 2459 614 2517 ε’στὶ
641 2457 717 2535 ἡμῖν,
745 2457 810 2517 ἀλλ’
838 2456 945 2535 ἀνδρων

141 2574 171 2607 τε
193 2549 238 2606 καὶ
262 2573 360 2606 ιπττων·
382 2573 430 2606 σοι
421 2546 534 2605 δε’
502 2573 565 2607 ουτε
584 2573 625 2610 τις
643 2546 747 2607 τούτων
765 2550 819 2606 τῶν
836 2545 869 2606 τό
888 2550 946 2606 πᾶν

142 2642 197 2711 σφι
219 2635 272 2711 ἤδη
294 2635 442 2695 δοκεόντων
467 2635 658 2716 κατεργασθαι
680 2633 793 2711 όποβοῖς
814 2633 869 2694 ἀπό
890 2639 946 2696 τῶν

142 2729 209 2783 νεῶν
229 2722 392 2800 πειρήσεται
419 2722 650 2798 α’ντιωθῆναι,”
618 2723 673 2782 ουτ’
696 2728 726 2782 ε’κ
753 2721 846 2798 τής’
828 2749 946 2798 ηπειρου

143 2811 291 2887 τῆσδε·
262 2837 288 2869 οι
301 2837 332 2869 τε
345 2811 412 2920 ημῖν
425 2811 609 2904 ἠντιώθησαν,
627 2812 726 2871 ἔδοσαν
740 2811 821 2874 δίκας.
857 2815 881 2869 εἰ
892 2812 947 2887 μέν

141 2925 189 2958 νυν
212 2899 307 2970 δοκέει,
332 2898 430 2956 αὐτίκα
454 2873 611 2976 πειρωμεθα
636 2904 686 2974 τῆς
711 2898 946 2974 Πελοποννήσου·

143 3012 165 3043 ει
158 2986 213 3043 ’δε
228 3012 272 3043 και
263 2986 400 3043 δοκέει
388 2991 523 3064 επισχεῖν,
539 2989 655 3066 παρέχει
668 2988 773 3047 ποιέειν
786 2992 883 3047 ταῦτα
905 2992 947 3074 μὴ

143 3071 172 3129 δε
174 3072 329 3178 δυρθύμει·
356 3073 388 3131 ού
407 3073 460 3153 γάρ
480 3079 540 3132 ε’στι
554 3075 681 3150 Ελλησι
704 3075 818 3152 ούδεμια
837 3075 948 3139 ἔκδυσις

142 3158 182 3231 μή
194 3184 225 3215 ου
217 3158 332 3220 ’δόντας
343 3159 479 3239 λόγον
441 3187 495 3219 των
508 3164 643 3236 ε’ποίησαν
654 3167 701 3222 νῦν
711 3189 742 3222 τε
754 3164 799 3221 καὶ
809 3161 949 3239 πρότερον

143 3243 211 3301 εἶναι
226 3243 293 3306 σούς
304 3245 428 3308 δούλους.
449 3247 577 3322 μάλιστα
588 3249 639 3324 μέν
652 3275 700 3308 νυν
712 3255 800 3310 ταῦτα
814 3250 899 3310 ποίεε·
925 3258 949 3311 εἰ
