2258 3568
160 183 203 242 93,
218 181 262 246 94]
464 184 666 236 TEN‘IXOPH.
930 181 961 227 45

161 259 257 336 όρτὴν,
274 257 358 336 ἤϊσαν
381 259 477 340 κόσμῳ
499 266 537 340 τῷ
559 267 702 340 καλλισ.ιρ
723 263 885 338 χρεώμεναι·
903 257 919 318 ό
940 257 964 317 δ’

161 346 331 424 όποστήσας
343 348 407 412 τούς
420 349 600 426 δορυφόρους,
615 348 737 407 οἶπέδυσέ
757 355 849 423 σφεας
869 346 964 408 πόσας

162 435 266 512 ὁμοίως
281 435 330 500 τός
350 435 374 496 τ’
389 438 535 514 ἐλευθέρας
556 438 601 495 καὶ
617 436 666 498 τοὶς
681 436 869 512 ἀμφιπόλους·
892 459 962 512 συμ-

137 561 140 566 1
162 523 295 600 φορήσας
309 525 338 584 δέ
352 530 379 587 ἐς
393 523 509 606 ὄρυγμα,
525 527 662 604 Μελίσσῃ
684 523 867 602 ἐπευχόμενος
885 523 962 582 κατέ-

162 637 234 670 καιε·
255 616 341 672 ταῦτα
355 613 386 672 δέ
399 616 424 671 οἱ
437 613 588 688 ποιήσαντι
600 614 645 672 καὶ
655 613 687 671 τό
702 611 827 688 δεύτερον
837 613 962 688 πέμψαν·

161 724 191 758 τι
208 701 316 776 ἔφρασε
334 700 367 760 τό
386 701 499 760 εἴδωλον
512 701 545 760 τό
560 703 712 776 Μελίσσης
727 705 753 762 ἐς
766 698 815 758 τόν
829 699 963 774 κατέθηκε

162 790 255 864 χῶρον
268 792 319 846 τοῦ
332 789 422 858 ξείνου
435 788 486 863 τὴν
499 788 743 866 παρακαταθήκην.
785 791 896 846 τοιοῦτο
911 789 963 864 μέν

163 879 227 933 ἐστι
242 874 307 951 όμῖν
320 875 338 951 ἡ
352 878 485 953 τυραννὶς,
500 877 521 934 ὦ
534 876 756 953 Λακεδαιμόνιοι,
773 876 818 934 καὶ
831 875 963 935 τοιούτων

163 962 260 1042 ἔργων.
304 963 392 1040 ἡμέας
405 965 434 1023 δέ
444 965 508 1026 τούς
517 965 680 1042 Κορινθίους
694 964 757 1023 τότε
772 963 869 1022 αὐτίκα
884 964 963 1039 θῶμα

161 1056 238 1131 μέγα
251 1051 317 1130 εἶχε,
331 1051 377 1112 ὅτε
395 1052 481 1129 ὗμέας
500 1053 607 1129 εἴδομεν
629 1051 893 1129 μεταπεμπομένους
905 1050 961 1110 Ἱπ·

162 1139 240 1214 πίην·
261 1143 309 1200 νῦν
329 1167 360 1199 τε
382 1141 415 1216 δὴ
438 1141 483 1199 καὶ
505 1141 623 1217 μεζόνως
644 1139 806 1216 θωμάζομεν
828 1139 962 1218 λέγοντας

162 1232 262 1286 ταῦτα·
277 1229 519 1306 ἐπιμαρτυρόμεθά
532 1254 571 1306 τε,
582 1227 791 1305 ἐπικαλεόμενοι
805 1226 871 1303 ὑμῖν
885 1227 963 1291 θεοός

162 1315 229 1377 τοιλς
244 1315 417 1393 Ἑλληνίους,
439 1316 479 1394 μή
502 1317 664 1376 κατιστάναι
685 1315 845 1389 τυραννίδας
866 1319 893 1377 ἐς
913 1315 963 1379 τιές

163 1402 257 1466 πόλις·
279 1404 365 1464 οὔκων
382 1404 527 1464 παύσεσθε
549 1403 625 1463 ἀλλὰ
646 1401 817 1480 πειρήσεσθε
832 1403 909 1480 παρὰ
929 1404 962 1464 τό

163 1490 271 1551 δίκαιον
284 1492 448 1573 κατάγοντες
461 1491 580 1567 Ἱππίην,
596 1494 657 1551 ἴστε
674 1491 738 1566 ὑμῖν
753 1493 916 1567 Κορινθίους
929 1519 962 1574 γε

164 1577 197 1637 οὗ
217 1579 435 1642 συναινέοντας.”

206 1668 366 1742 Σωσικλέης
385 1671 436 1743 μὲν
457 1666 513 1726 όπό
537 1667 677 1743 Κορίνθου
698 1667 864 1742 πρεσβεύων
885 1668 960 1736 ἔλεξε
971 1670 1007 1725 93

162 1754 239 1814 τάδε.
280 1754 389 1830 Ἱππίης
403 1755 431 1814 δέ
445 1753 529 1814 αὐτόν
545 1754 687 1830 ἀμείβετο,
702 1753 765 1816 τούς
786 1753 884 1817 αὕτοῦς
905 1759 961 1813 ἐπι·

164 1843 287 1904 καλέσας
309 1843 387 1906 θεοῦς
411 1844 496 1921 κείνῳ,
520 1842 538 1918 ἡ
562 1842 618 1919 μὴν
644 1842 808 1918 Κορινθίους
830 1842 958 1919 μάλιστα

163 1930 273 1990 πάντων
287 1931 469 2006 ἐπιποθήσειν
483 1929 723 2006 Πεισιστρατιδας,
742 1929 806 1989 ὅταν
821 1937 876 2005 σφι
892 1930 959 2006 ἥκω

164 2045 196 2077 σι
211 2017 312 2095 ἡμέραι
332 2022 361 2077 αἶ
380 2019 469 2096 κύριαι
491 2018 622 2078 όνιιῖσθαι
642 2016 686 2076 ὑπ’
701 2017 865 2093 Ἀθηναίων.
905 2017 960 2076 Ἱπ-

163 2108 228 2182 πίης
239 2105 294 2183 Ιμέν
310 2107 436 2165 τούτοισι
456 2107 601 2184 ἀμείψατο,
621 2106 666 2166 οἷό
682 2132 713 2166 τε
733 2105 797 2168 τοθς
815 2106 962 2184 χρησμοῧς

162 2195 352 2271 ἀτρεκέστατα
362 2194 466 2270 ἀνδρῶν
476 2196 697 2271 ἐξεπιστάμενος·
718 2199 744 2254 οἱ
758 2195 787 2253 δὲ
800 2195 894 2253 λοιποὶ
907 2199 961 2255 τῶν

162 2283 320 2362 συμμάχων
335 2283 402 2345 τέως
421 2286 473 2359 μὲν
493 2283 568 2363 εἶχον
584 2288 612 2342 ἐν
624 2282 729 2362 ἡσυχίη
746 2283 837 2357 σφέας
852 2282 958 2346 αὐτούς·

161 2371 225 2429 ἐπεί
242 2397 273 2430 τε
291 2371 319 2429 δέ
335 2371 492 2434 Σωσικλέος
510 2371 634 2446 ἤκουσαν
657 2371 782 2433 εἴπαντος
803 2371 958 2448 ἐλευθέρως,

160 2459 235 2522 ἅπας
248 2486 289 2522 τις
302 2460 391 2519 αὐτῶν
406 2459 502 2536 φωνὴν
514 2460 606 2537 ῥήξας,
622 2460 727 2536 αἱρέετο
745 2464 795 2519 τοῦ
810 2460 960 2538 Κορινθίου

159 2549 212 2623 τήν
225 2547 346 2628 γνώμην·
360 2548 607 2624 Λακεδαιμονίοισί
618 2573 648 2606 τε
663 2549 904 2624 ἐπεμαρτυρέοντο,
918 2547 959 2622 μὴ

158 2637 264 2696 ποιέειν
280 2636 366 2713 μηδὲν
382 2635 513 2712 νειότερον
531 2637 594 2713 περὶ
615 2635 699 2695 πόλιν
711 2634 847 2694 Ἑλλάδα.
888 2635 959 2694 οὕτω

157 2727 211 2801 μέν
225 2729 312 2783 ταῦτα
327 2724 465 2799 ἐπαύσθη.

199 2812 296 2890 Ἱππίῃ
315 2812 344 2870 δὲ
366 2814 490 2872 ἐνθεῦτεν
509 2813 725 2889 α’πελαυνομένιρ
746 2811 835 2870 ἐδίδου
848 2811 899 2885 μὲν
912 2809 956 2868 Ἀ·
967 2813 1005 2869 94

156 2901 262 2978 μόντης
284 2901 299 2960 ό
319 2899 455 2959 Μακεδόν
472 2899 667 2975 Ἀνθεμοῦντα,
688 2899 815 2957 ἐδῶοσαν
836 2897 865 2956 δέ
886 2903 958 2956 Θεσ·

156 2989 246 3048 σαλοὶ
266 2988 388 3048 Ἰωλκόν.
431 2987 447 3047 ό
466 2988 494 3046 δὲ
514 2987 617 3047 τούτων
631 2989 682 3062 μὲν
697 2985 825 3060 οὐδέτερα
842 2985 957 3059 αἱρέετο,

156 3076 293 3155 α’νεχιόρεε
307 3077 336 3135 δέ
350 3076 441 3136 όπίσω
456 3081 482 3138 ἐς
497 3078 614 3156 Σίγειον,
629 3073 662 3133 τό
680 3073 737 3131 εἶλε
751 3072 957 3148 Πεισίστρατος

155 3169 247 3243 αἰχμῇ
257 3163 333 3241 παρὰ
345 3163 551 3238 Μυτιληναίων·
574 3160 715 3237 κρατήσας
730 3160 758 3216 δέ
773 3157 866 3226 αὐτοῦ,
881 3159 957 3217 κατέ-

153 3278 248 3327 στησε
261 3252 394 3328 τύραννον
409 3250 478 3308 εἶναι
496 3248 582 3306 παῖδα
594 3245 643 3304 τόν
658 3247 757 3302 ἑωυτοῦ
772 3242 854 3302 νόθον
870 3243 956 3322 Ἡγη-

153 3341 319 3416 σίστρατον,
338 3337 475 3420 γεγονότα
497 3335 528 3403 ἐξ
549 3331 677 3409 Ἀργείης
697 3328 834 3408 γυναικός·
856 3329 886 3389 ὃς
907 3328 956 3386 οὐκ
