2282 3550
159 144 268 207 οτι-οι]
478 145 629 194 ουΡκΝυι.
666 139 668 144 ’
909 146 956 199 257

158 224 209 284 τόν
221 249 252 283 τε
265 222 355 282 ἀλλον
368 224 459 284 πάντα
476 225 525 284 τόν
542 227 606 302 περὶ
622 229 671 301 τῆς
687 225 841 304 ναυμαχίης
856 225 957 301 ταύτης

159 311 304 388 εἶρημένον
317 311 416 371 Βάκιδι
433 314 479 372 καὶ
495 313 641 392 Μουσαίῳ,
661 313 706 372 καὶ
723 313 756 390 δή
774 315 820 372 καὶ
839 313 909 373 κατά
922 315 959 374 τά

159 399 277 480 ναυήγια
299 399 334 459 τά
354 399 440 478 ταύτῃ
461 400 647 480 ἐξενειχθέντα
666 401 700 460 τό
722 403 863 480 εἰρημένον
889 406 958 462 πολ-

158 491 238 547 λοῖσι
250 489 324 548 ἔτεσι
336 487 472 566 πρότερον
485 489 588 550 τούτων
601 495 630 548 ἐν
642 494 763 568 χρησμῷ
772 489 959 570 Λυσιστράτῳ

160 577 304 656 Ἀθηναίῳ,
325 574 404 654 ἀνδρὶ
423 577 623 658 χρησμολόγῳ,
644 577 677 638 τό
698 577 830 654 ἐλελήθεε
853 579 959 642 πάντας

158 663 383 741 τούςἝλληνας·

274 763 398 812 Κωλιάδες
415 764 441 811 δὲ
456 765 565 824 γυναῖκες
582 765 702 826 ἐρετμοῖσι
719 766 840 826 φρύξουσι.

158 842 242 900 τοῦτο
255 841 284 899 δέ
298 843 400 917 ἔμελλε
413 840 608 904 ἀπελάσαντος
620 843 760 918 βασιλέος
773 844 899 903 ἔσεσθαι.

200 929 304 1005 Ξέρξης
320 929 350 987 δέ
369 929 404 992 ὦς
423 929 507 1006 ἔμαθε
525 933 557 989 τὸ
570 929 685 1010 γεγονός
698 929 795 1000 πόθος,
811 931 905 994 δείσας
918 932 958 1008 μή
968 935 1004 993 97

158 1041 201 1079 τις
226 1021 281 1076 τῶν
303 1016 401 1077 Ἰώνων
424 1017 563 1093 ὑποθῆται
583 1021 659 1077 τοῖσι
678 1017 814 1094 Ἕλλησι,
838 1017 856 1094 ἢ
880 1018 959 1079 αὐτοὶ

159 1104 293 1180 νοήσωσι,
307 1107 403 1165 πλέειν
422 1111 448 1169 ἐς
461 1101 511 1166 τόν
523 1106 739 1182 Ἑλλήσποντον
758 1107 891 1170 λύσοντες
908 1107 958 1171 τάς

158 1193 291 1274 γεφύρας,
306 1195 351 1254 καὶ
365 1193 563 1271 ἀπολαμφθεὶς
576 1201 605 1254 ἐν
618 1199 653 1274 τῇ
667 1195 786 1274 Εύριύπη
800 1195 959 1256 ἀπολέσθαι

159 1282 335 1353 κινδυνεύσει,
349 1283 477 1360 δρησμὸν
493 1283 635 1359 ἐβούλευε·
658 1285 746 1343 θέλων
763 1285 792 1342 δὲ
809 1284 849 1360 μή
867 1285 958 1360 ἐπίδη-

158 1373 210 1433 λος
226 1371 295 1430 εἶναι
312 1371 384 1449 μήτε
401 1376 478 1431 τοῖσι
486 1370 613 1448 Ἕλλησι
630 1372 702 1449 μήτε
718 1377 794 1432 τοῖσι
808 1377 915 1442 ἑωυτοῦ,
931 1379 958 1438 ἐς

157 1458 210 1533 τήν
229 1461 377 1537 Σαλαμῖνα
394 1465 476 1540 χῶμα
498 1465 625 1537 ἐπειρᾶτο
646 1461 768 1540 διαχοῦν·
792 1461 913 1542 γαυλούς
927 1489 958 1522 τε

158 1548 330 1624 Φοινικηίους
350 1549 469 1618 συνέδεε,
494 1550 537 1608 ἶνα
559 1548 622 1608 α’ντί
640 1576 671 1608 τε
692 1550 805 1628 σχεδίης
828 1552 893 1610 ἔωσι
912 1551 958 1610 καὶ

157 1636 274 1714 τείχεος·
300 1636 413 1714 ἀρτέετό
430 1663 460 1696 τε
477 1643 504 1700 ἐς
524 1637 657 1714 πόλεμον,
679 1638 714 1702 οἷς
733 1641 887 1718 ναυμαχίην
907 1638 957 1699 ἀλ·

158 1725 213 1799 λην
228 1725 425 1803 ποιησόμενος.
453 1724 578 1802 ὁρέοντες
597 1726 628 1785 δέ
644 1753 693 1802 μιν
711 1727 811 1790 πάντες
830 1731 856 1786 οἱ
872 1727 957 1786 ἄλλοι

157 1815 248 1870 ταῦτα
266 1813 443 1889 πρήσσοντα,
458 1811 487 1872 εὖ
504 1816 652 1874 ἐπιστέατο
671 1815 707 1878 ὦς
724 1821 753 1874 ἐκ
771 1815 874 1877 παντός
892 1814 957 1874 νόου

158 1902 387 1977 παρεσκεύασται
413 1903 502 1979 μένων
530 1903 713 1980 πολεμήσειν·
748 1901 907 1980 Μαρδόνιον
934 1903 957 1961 δ’

158 1987 237 2048 ούδέν
253 1989 356 2050 τούτων
373 1990 563 2061 ἐλόνθανε,ὦς
579 1991 707 2067 μάλιστα
728 1993 858 2069 ἔμπειρον
878 1989 958 2050 ἐόντα

158 2080 209 2151 τῆς
223 2078 325 2136 ἐκείνου
340 2078 468 2155 διανοίης.

199 2165 293 2224 Ταῦτά
318 2193 349 2226 τε
376 2166 434 2243 ἅμα
460 2169 565 2244 Ξέρξης
592 2171 689 2240 ἐποίεε,
718 2170 764 2226 καὶ
796 2171 900 2244 ἔπεμπε
931 2171 1005 2231 ε’ς98

158 2255 274 2330 Πέρσας
292 2255 463 2336 ἀγγελέοντα
480 2255 530 2331 τήν
548 2254 708 2332 παρεοῦσάν
724 2263 780 2332 σφι
796 2256 957 2334 συμφορήν.

157 2341 261 2402 τούτων
288 2343 317 2402 δέ
343 2349 397 2403 τῶν
424 2342 552 2426 ἀγγέλων
574 2345 634 2403 ἐστι
656 2342 734 2403 ούδέν
758 2344 774 2404 ὅ
796 2371 824 2405 τι
846 2345 957 2406 θάσσον

157 2433 338 2512 παραγίνεται
357 2431 457 2510 θνητόν
475 2431 529 2492 ἐόν·
552 2431 622 2492 ούτω
639 2436 715 2492 τοῖσι
735 2435 867 2513 Πέρσησι
886 2434 957 2504 ἐξεύ-

157 2545 239 2596 ρηται
259 2525 351 2581 τοῦτο.
393 2522 510 2602 λέγουσι
526 2521 587 2601 γὰρ,
609 2520 643 2584 ὦς
659 2519 733 2580 ὅσων
749 2521 783 2582 ἂν
800 2521 819 2600 ᾗ
834 2522 957 2599 ἡμερέων

158 2607 177 2684 vj
190 2613 271 2668 πᾶσα
284 2608 356 2679 ὁδός,
370 2613 502 2668 τοσοῦτοι
516 2610 595 2668 ἵπποι
608 2636 639 2668 τε
653 2610 699 2668 καὶ
712 2609 807 2685 ἀνδρες
820 2610 956 2679 διεστᾶσι,

158 2697 229 2756 κατὰ
249 2697 405 2776 ἡμερησίην
429 2697 494 2756 ὁδόν
517 2697 636 2774 ἑκάστην
659 2697 742 2758 ἵππος
763 2723 794 2756 τε
818 2698 863 2755 καὶ
887 2696 956 2774 ἀνὴρ

157 2788 334 2866 τεταγμένος·
367 2785 433 2848 τούς
459 2785 521 2846 οὔτε
549 2787 668 2862 νιφετός,
697 2783 745 2844 ούκ
778 2783 894 2862 ὄμβρος,
925 2785 957 2846 ού

159 2877 259 2951 καῦμα,
279 2875 311 2934 ού
332 2875 383 2943 νύξ
402 2875 490 2956 ἐέργει
505 2874 544 2951 μή
562 2875 594 2934 ού
611 2873 764 2964 κατανύσαι
781 2873 830 2932 τόν
847 2874 956 2949 προκεί-

158 2989 242 3038 μενον
256 2967 345 3043 ἑωυτῷ
357 2962 460 3040 δρόμον
470 2963 521 3038 τήν
531 2963 677 3041 ταχίστην.
708 2961 724 3021 ὁ
737 2963 788 3038 μὲν
802 2961 835 3036 δή
849 2965 956 3038 πρῶτος

159 3051 270 3134 δραμεδν
286 3052 435 3130 παραδιδοῖ
449 3050 484 3110 vd
504 3052 689 3126 ἐντεταλμένα
707 3055 744 3128 τῷ
762 3050 884 3128 δευτέρῳ,
899 3049 914 3108 ό
928 3050 957 3108 δέ

159 3139 283 3217 δεύτερος
300 3145 338 3221 τῷ
354 3141 445 3217 τρίτῳ·
464 3138 499 3198 ,τό
519 3139 547 3196 δέ
567 3139 690 3196 ἐνθεῦτεν
707 3137 759 3212 ἤδη
778 3137 848 3196 κοτά
867 3136 957 3196 ἀλλον
995 3175 997 3180 ,

159 3227 327 3308 διεξέρχεται
343 3227 557 3304 παραδιδόμενα,
573 3224 695 3299 κατάπερ
704 3224 831 3298 Ἕλλησι
848 3223 866 3298 ἡ
885 3228 956 3298 λαμ-

160 3316 331 3394 παδηφτρίη,
356 3315 406 3391 τὴν
427 3317 465 3391 τῷ
485 3312 634 3388 Ἡφαίστῳ
652 3311 833 3370 ἐπιτελέουσι.
874 3313 956 3370 τοῦτο
