2282 3550
561 63 571 80 ,

156 130 262 198 ιιὶ-ω]
474 123 643 182 omnus
910 131 956 185 23⁷

157 216 251 293 κρίτου
269 212 454 283 σπεύσαντος,
476 212 574 290 οἷνδρδς
595 216 650 273 τῶν
666 212 759 272 άστῶν
779 212 893 290 δοκίμου
913 212 959 272 καὶ

155 303 219 364 τότε
242 303 483 382 τριηραρχέοντος.
525 303 628 373 Νάξιοι
652 301 682 361 δέ
704 306 759 361 εἰσι
781 299 881 373 Ἴωνες,
910 299 958 359 ἀπ’

154 390 295 468 Ἀθηνέων
314 391 468 473 γεγονότες.
510 391 627 468 Στυρέες
647 391 676 450 δέ
694 390 744 453 τάς
760 389 844 452 αύτάς
863 388 957 467 παρεί-

156 506 240 558 χοντο
257 484 326 556 νῆας
341 479 391 543 τὰς
404 480 450 538 καὶ
463 477 504 538 ἐπ’
518 477 695 558 Ἀρτεμισίῳ,
711 478 828 538 Κύθνιοι
847 478 876 537 δέ
891 478 959 555 μίαν

156 569 202 626 καί
211 567 437 645 πεντηκόντερον·
456 567 546 630 ἐόντες
556 566 765 644 συναμφότεροι
779 563 855 625 οὗτοι
870 565 958 643 Δρύο-

157 681 215 719 πες·
237 657 284 715 καὶ
298 657 429 733 Σερίφιοί
439 682 470 715 τε
485 657 530 714 καί
545 656 657 731 Σίφνιοι
672 655 718 713 καὶ
732 655 841 730 Μήλιοι
860 661 958 732 ἐστρα-

158 743 278 804 τεύοντο·
300 741 377 803 οὗτοι
390 744 444 824 γάρ
459 743 509 802 οὐκ
524 743 625 803 ἔδοσαν
636 748 735 819 μοῦνοι
753 744 908 818 νησιωτέων
921 747 959 822 τῷ

157 831 297 911 βαρβάρῳ
310 836 364 912 γῆν
376 859 407 891 τε
421 833 467 890 καὶ
480 831 561 909 ὕδωρ.
592 827 678 890 Οὗτοι
688 834 740 907 μὲν
750 831 869 896 ἅπαντες
883 832 959 895 ἐντδς
967 833 1004 893 47

157 921 297 996 οἰκημένοι
317 923 493 997 Θεσπρωτῶν
517 920 562 978 καὶ
581 918 746 997 Ἀχέροντος
766 924 895 997 ποταμοῦ
913 925 959 980 ἐσ-

158 1007 330 1084 τρατεύοντο·
358 1009 521 1085 Θεσπρωτοὶ
541 1007 596 1088 γάρ
617 1011 672 1066 εἰσι
692 1007 872 1086 ὁμουρέοντες
891 1009 959 1085 Ἀμ-

159 1095 331 1174 πρακιῶτησι
347 1096 393 1154 καὶ
411 1095 592 1154 Λευκαδίοισι
606 1095 632 1154 οἰ
646 1096 677 1165 ἐξ
693 1097 833 1175 ἐσχατέων
849 1098 960 1176 χωρέων

158 1184 365 1261 ἐστρατεύοντο.
394 1188 449 1244 τῶν
462 1184 492 1242 δὲ
503 1183 581 1247 ἐκτδς
594 1183 697 1243 τούτων
712 1185 869 1260 οἰκημένων,
885 1191 958 1262 Κρο-

159 1275 286 1348 τωνιῆται
301 1276 399 1349 μοῦνοι
416 1271 490 1347 ἦσαν
509 1271 536 1330 οἰ
554 1271 705 1348 ἐβῶθησαν
722 1277 758 1351 τῇ
772 1272 890 1332 Ἑλλάδι
905 1299 959 1333 κιν-

159 1357 315 1439 δυνευούση,
332 1361 376 1436 νηῒ
391 1364 451 1440 μιῇ,
469 1363 519 1435 τῆς
537 1358 607 1439 ήρχε
625 1359 695 1437 ἀνήρ
712 1362 771 1438 τρίς
792 1362 958 1438 πυθιονίκης,

160 1446 298 1511 Φάῦλλος.
333 1452 524 1525 Κροτωνιῆται
545 1448 575 1506 δὲ
594 1449 673 1528 γένος
698 1451 753 1508 εἰσί
775 1449 894 1528 Ἀχαιοί.
923 1454 959 1510 Οἰ
967 1453 1006 1510 48

159 1535 209 1613 μέν
229 1562 277 1596 νυν
297 1534 383 1596 ἄλλοι
398 1535 526 1612 τριήρεας
543 1536 729 1615 παρεχόμενοι
751 1539 958 1616 ἐστρατεύοντο,

161 1623 268 1699 Μήλιοι
278 1624 315 1694 δὲ,
328 1625 373 1682 καὶ
384 1624 505 1699 Σίφνιοι,
517 1625 562 1682 καί
573 1625 708 1700 Σερίφιοι,
718 1628 958 1704 πεντηκοντέρους·

161 1711 267 1788 Μήλιοι
293 1713 353 1789 μὲν,
374 1712 453 1791 γένος
474 1711 564 1774 ἐόντες
584 1712 639 1772 dard
668 1714 882 1791 Λακεδαίμονος,
911 1716 959 1774 δύο

163 1801 334 1878 παρείχοντο·
362 1801 474 1875 Σίφνιοι
493 1801 522 1859 δὲ
541 1801 586 1858 καὶ
605 1803 740 1879 Σερίφιοι,
757 1802 850 1865 Ἴωνες
870 1803 960 1865 ἐόντες

160 1887 206 1946 ἀπ’
219 1885 365 1964 Ἀθηνέων,
379 1889 446 1965 μίαν
463 1888 594 1966 ἑκάτεροι.
632 1889 748 1968 α’ριθμὸς
769 1891 799 1950 δέ
819 1891 927 1971 ἐγένετο
943 1890 959 1950 ὅ

162 1980 214 2040 πῶς
227 1981 281 2036 τῶν
295 1981 370 2047 νεῶν,
385 1976 475 2054 πάρεξ
489 1980 544 2037 τῶν
559 1980 788 2055 πεντηκοντέρων,
802 1978 960 2055 τριηκόσιαι

162 2065 205 2123 καί
216 2065 410 2142 ἐβδομήκοντα
424 2065 470 2124 καὶ
483 2065 563 2125 ὁκτιύ.

200 2151 248 2217 Ὡς
264 2154 293 2213 δὲ
310 2160 337 2217 ἐς
354 2154 405 2230 τήν
425 2155 572 2231 Σαλαμῖνα
595 2155 737 2229 συνῆλθον
758 2158 785 2213 οἱ
806 2155 960 2237 στρατηγοὶ
968 2158 1006 2216 49

161 2240 217 2302 du&
235 2245 290 2302 τῶν
307 2243 454 2319 εἰρημένων
471 2243 585 2312 πολίων,
600 2242 794 2317 ἐβουλεύοντο,
808 2245 960 2321 προθέντος

160 2329 339 2407 Εύρυβιάδεω
354 2330 467 2411 γνώμην
484 2329 693 2406 ἀποφαίνεσθαι
709 2331 759 2390 τόν
774 2332 959 2410 βουλόμενον,

162 2417 226 2478 ὅκου
236 2417 327 2477 δοκέοι
337 2417 554 2493 ἐπιτηδειότατον
567 2418 636 2478 εἶναι
649 2419 805 2498 ναυμαχίην
814 2422 960 2480 ποιέεσθαι

162 2511 214 2566 τῶν
234 2505 313 2564 αύτοί
339 2509 448 2585 χωρέων
471 2508 613 2586 ἐγκρατέες
635 2509 698 2567 εἰσί·
727 2507 745 2582 ή
768 2507 823 2588 γάρ
846 2507 960 2583 Ἀττική

161 2593 261 2669 άφεῖτο
270 2592 331 2669 ήδη,
340 2597 394 2652 τῶν
405 2593 434 2652 δέ
443 2596 564 2653 λοιπέων
574 2596 638 2672 πέρι
648 2596 799 2672 προετίθεε·
815 2598 844 2652 αἱ
853 2598 961 2674 γνῶμαι

161 2681 190 2740 δέ
214 2686 269 2741 τῶν
290 2681 427 2762 λεγόντων
452 2685 481 2740 αἱ
504 2686 637 2741 πλεῖσται
659 2683 866 2752 συνεξέπιπτον,
891 2681 961 2758 πρός

161 2769 208 2829 τῶν
220 2768 337 2846 Ἰσθμὸν
354 2769 521 2833 πλώσαντας
542 2772 706 2849 ναυμαχέειν
722 2771 777 2847 πρὸ
797 2775 848 2846 τής
869 2775 960 2830 Πελο-

162 2857 312 2934 ποννήσου·
348 2858 522 2938 ἐπιλέγοντες
548 2858 596 2917 τδν
624 2859 711 2938 λόγον
738 2857 824 2931 τόνδε,
857 2858 900 2928 ῶς,
927 2858 961 2935 ἢν

161 2946 307 3021 νικηθέωσι
333 2950 368 3023 τῇ
395 2947 534 3025 ναυμαχίῃ
562 2951 590 3006 ἐν
618 2948 757 3023 Σαλαμῖνι
783 2950 835 3022 μὲν
861 2947 959 3017 ἐόντες,

161 3034 397 3112 πολιορκήσονται
416 3039 444 3092 ἐν
465 3034 550 3112 νήσῳ,
569 3034 612 3094 ἰνα
633 3041 689 3109 σφι
709 3035 825 3109 τιμωρίη
847 3033 960 3110 οὐδεμία

161 3121 374 3197 ἐπιφανήσεται·
402 3120 472 3196 πρὸς
492 3122 521 3178 δὲ
541 3125 579 3198 τῷ
596 3121 710 3196 Ἰσθμῷ,
729 3125 756 3180 ἐς
773 3120 837 3180 τούς
856 3122 960 3177 ἐωυτῶν

161 3208 327 3277 ἐξοίσονται.

194 3300 289 3356 Ταῦτα
306 3298 361 3355 τῶν
380 3293 436 3353 α’πό
456 3291 677 3365 Πελοποννήσου
693 3295 856 3367 στρατηγῶν
871 3294 960 3346 ἐπιλε-
970 3293 1009 3347 50

171 3378 267 3429 ιῖ,-19
