<?xml version="1.0" encoding="UTF-8"?>
<!DOCTYPE html PUBLIC "-//W3C//DTD XHTML 1.0 Transitional//EN"
    "http://www.w3.org/TR/xhtml1/DTD/xhtml1-transitional.dtd">
<html xmlns="http://www.w3.org/1999/xhtml" xml:lang="en" lang="en">
 <head>
  <title>
</title>
<meta http-equiv="Content-Type" content="text/html;charset=utf-8" />
  <meta name='ocr-system' content='tesseract 3.04.00' />
  <meta name='ocr-capabilities' content='ocr_page ocr_carea ocr_par ocr_line ocrx_word'/>
</head>
<body>
  <div class='ocr_page' id='page_1' title='image "./herodotusrecens00blakgoog_0197.png"; bbox 0 0 2282 3550; ppageno 0'>
   <div class='ocr_carea' id='block_1_1' title="bbox 140 137 996 3394">
    <p class='ocr_par' dir='ltr' id='par_1_1' title="bbox 147 137 953 753">
     <span class='ocr_line' id='line_1_1' title="bbox 153 137 953 221; baseline -0.006 -14"><span class='ocrx_word' id='word_1_1' title='bbox 153 156 294 221; x_wconf 76' lang='grc' dir='ltr'>ιιι-ιω]</span> <span class='ocrx_word' id='word_1_2' title='bbox 463 137 648 207; x_wconf 68' lang='lat' dir='ltr'><strong>nomm.</strong></span> <span class='ocrx_word' id='word_1_3' title='bbox 905 157 953 204; x_wconf 82' lang='grc' dir='ltr'>ιω</span> 
     </span>
     <span class='ocr_line' id='line_1_2' title="bbox 150 234 952 314; baseline -0.001 -19"><span class='ocrx_word' id='word_1_4' title='bbox 150 238 287 297; x_wconf 87' lang='grc' dir='ltr'>καυθέντα</span> <span class='ocrx_word' id='word_1_5' title='bbox 313 236 513 313; x_wconf 73' lang='grc' dir='ltr'>ἀφανισθῆναι.</span> <span class='ocrx_word' id='word_1_6' title='bbox 558 238 742 314; x_wconf 71' lang='grc' dir='ltr'>ἀφανισθέντι</span> <span class='ocrx_word' id='word_1_7' title='bbox 767 235 797 296; x_wconf 71' lang='grc' dir='ltr'>δὲ</span> <span class='ocrx_word' id='word_1_8' title='bbox 828 234 952 314; x_wconf 77' lang='grc' dir='ltr'>Ἀμίλκᾳ</span> 
     </span>
     <span class='ocr_line' id='line_1_3' title="bbox 149 323 952 406; baseline -0.002 -22"><span class='ocrx_word' id='word_1_9' title='bbox 149 324 242 404; x_wconf 82' lang='grc' dir='ltr'>τρόπῳ</span> <span class='ocrx_word' id='word_1_10' title='bbox 263 325 318 384; x_wconf 87' lang='grc' dir='ltr'>είτε</span> <span class='ocrx_word' id='word_1_11' title='bbox 333 323 448 404; x_wconf 80' lang='grc' dir='ltr'>τοιοιίτῳ</span> <span class='ocrx_word' id='word_1_12' title='bbox 466 325 502 389; x_wconf 78' lang='grc' dir='ltr'>αἷς</span> <span class='ocrx_word' id='word_1_13' title='bbox 517 327 641 388; x_wconf 89' lang='grc' dir='ltr'>Φοίνικες</span> <span class='ocrx_word' id='word_1_14' title='bbox 657 325 782 406; x_wconf 88' lang='grc' dir='ltr'>λέγουσι,</span> <span class='ocrx_word' id='word_1_15' title='bbox 799 324 853 383; x_wconf 82' lang='grc' dir='ltr'>εἴτε</span> <span class='ocrx_word' id='word_1_16' title='bbox 870 324 952 402; x_wconf 82' lang='grc' dir='ltr'>έτέριρ</span> 
     </span>
     <span class='ocr_line' id='line_1_4' title="bbox 149 410 950 492; baseline -0.007 -16"><span class='ocrx_word' id='word_1_17' title='bbox 149 411 183 475; x_wconf 76' lang='grc' dir='ltr'>ὦς</span> <span class='ocrx_word' id='word_1_18' title='bbox 204 415 398 489; x_wconf 78' lang='grc' dir='ltr'>Συρηκούσιοι,</span> <span class='ocrx_word' id='word_1_19' title='bbox 413 413 602 492; x_wconf 78' lang='grc' dir='ltr'>Καρχηδόνιοι</span> <span class='ocrx_word' id='word_1_20' title='bbox 621 417 704 472; x_wconf 78' lang='grc' dir='ltr'>τοῦτο</span> <span class='ocrx_word' id='word_1_21' title='bbox 724 411 776 488; x_wconf 87' lang='grc' dir='ltr'>μέν</span> <span class='ocrx_word' id='word_1_22' title='bbox 796 415 823 470; x_wconf 82' lang='grc' dir='ltr'>οἷ</span> <span class='ocrx_word' id='word_1_23' title='bbox 843 410 950 480; x_wconf 78' lang='grc' dir='ltr'>θύουσι,</span> 
     </span>
     <span class='ocr_line' id='line_1_5' title="bbox 147 499 951 579; baseline -0.001 -20"><span class='ocrx_word' id='word_1_24' title='bbox 147 503 230 559; x_wconf 73' lang='grc' dir='ltr'>τοῦτο</span> <span class='ocrx_word' id='word_1_25' title='bbox 248 501 278 560; x_wconf 84' lang='grc' dir='ltr'>δὲ</span> <span class='ocrx_word' id='word_1_26' title='bbox 295 501 426 576; x_wconf 86' lang='grc' dir='ltr'>μνήματα</span> <span class='ocrx_word' id='word_1_27' title='bbox 445 502 581 576; x_wconf 86' lang='grc' dir='ltr'>ε’ποίησαν</span> <span class='ocrx_word' id='word_1_28' title='bbox 597 506 626 560; x_wconf 79' lang='grc' dir='ltr'>ἐν</span> <span class='ocrx_word' id='word_1_29' title='bbox 642 500 753 579; x_wconf 78' lang='grc' dir='ltr'>πάσῃσι</span> <span class='ocrx_word' id='word_1_30' title='bbox 768 504 835 578; x_wconf 74' lang='grc' dir='ltr'>τῇσι</span> <span class='ocrx_word' id='word_1_31' title='bbox 851 499 951 558; x_wconf 82' lang='grc' dir='ltr'>πόλισι</span> 
     </span>
     <span class='ocr_line' id='line_1_6' title="bbox 148 586 951 670; baseline 0 -24"><span class='ocrx_word' id='word_1_32' title='bbox 148 591 202 646; x_wconf 77' lang='grc' dir='ltr'>τῶν</span> <span class='ocrx_word' id='word_1_33' title='bbox 216 587 372 657; x_wconf 87' lang='grc' dir='ltr'>ἀποικίδων,</span> <span class='ocrx_word' id='word_1_34' title='bbox 387 595 415 648; x_wconf 81' lang='grc' dir='ltr'>έν</span> <span class='ocrx_word' id='word_1_35' title='bbox 429 589 499 667; x_wconf 73' lang='grc' dir='ltr'>αὐτῇ</span> <span class='ocrx_word' id='word_1_36' title='bbox 512 614 542 648; x_wconf 94' lang='grc' dir='ltr'>τε</span> <span class='ocrx_word' id='word_1_37' title='bbox 555 590 690 670; x_wconf 90' lang='grc' dir='ltr'>μέγιστον</span> <span class='ocrx_word' id='word_1_38' title='bbox 705 587 874 666; x_wconf 83' lang='grc' dir='ltr'>Καρχηδόνι.</span> <span class='ocrx_word' id='word_1_39' title='bbox 915 586 951 646; x_wconf 82' lang='grc' dir='ltr'>τά</span> 
     </span>
     <span class='ocr_line' id='line_1_7' title="bbox 148 677 560 753; baseline 0.005 -19"><span class='ocrx_word' id='word_1_40' title='bbox 148 679 199 752; x_wconf 74' lang='grc' dir='ltr'>μὲν</span> <span class='ocrx_word' id='word_1_41' title='bbox 212 677 269 734; x_wconf 83' lang='grc' dir='ltr'>άπὸ</span> <span class='ocrx_word' id='word_1_42' title='bbox 285 679 413 753; x_wconf 77' lang='grc' dir='ltr'>Σικελίης</span> <span class='ocrx_word' id='word_1_43' title='bbox 425 682 560 736; x_wconf 82' lang='grc' dir='ltr'>τοσαῦτα.</span> 
     </span>
    </p>

    <p class='ocr_par' dir='ltr' id='par_1_2' title="bbox 140 763 996 3394">
     <span class='ocr_line' id='line_1_8' title="bbox 182 763 996 844; baseline 0 -22"><span class='ocrx_word' id='word_1_44' title='bbox 182 769 350 841; x_wconf 86' lang='grc' dir='ltr'>Κερκυραῖοι</span> <span class='ocrx_word' id='word_1_45' title='bbox 361 765 390 824; x_wconf 77' lang='grc' dir='ltr'>δὲ</span> <span class='ocrx_word' id='word_1_46' title='bbox 400 764 465 824; x_wconf 90' lang='grc' dir='ltr'>τάδε</span> <span class='ocrx_word' id='word_1_47' title='bbox 472 763 686 842; x_wconf 75' lang='grc' dir='ltr'>ἀποκρινόμενοι</span> <span class='ocrx_word' id='word_1_48' title='bbox 695 767 772 824; x_wconf 82' lang='grc' dir='ltr'>τοῖσι</span> <span class='ocrx_word' id='word_1_49' title='bbox 782 763 931 844; x_wconf 76' lang='grc' dir='ltr'>ἀγγέλοισι</span> <span class='ocrx_word' id='word_1_50' title='bbox 941 766 996 822; x_wconf 85' lang='grc'>168</span> 
     </span>
     <span class='ocr_line' id='line_1_9' title="bbox 148 851 950 934; baseline 0 -24"><span class='ocrx_word' id='word_1_51' title='bbox 148 852 240 911; x_wconf 86' lang='grc' dir='ltr'>τοιάδε</span> <span class='ocrx_word' id='word_1_52' title='bbox 260 854 405 928; x_wconf 77' lang='grc' dir='ltr'>ἐποίησαν·</span> <span class='ocrx_word' id='word_1_53' title='bbox 426 854 472 911; x_wconf 78' lang='grc' dir='ltr'>καὶ</span> <span class='ocrx_word' id='word_1_54' title='bbox 487 853 543 934; x_wconf 80' lang='grc' dir='ltr'>γάρ</span> <span class='ocrx_word' id='word_1_55' title='bbox 560 852 673 915; x_wconf 76' lang='grc' dir='ltr'>τούτους</span> <span class='ocrx_word' id='word_1_56' title='bbox 686 851 908 929; x_wconf 78' lang='grc' dir='ltr'>παρελάμβανον</span> <span class='ocrx_word' id='word_1_57' title='bbox 924 855 950 910; x_wconf 83' lang='grc' dir='ltr'>οἶ</span> 
     </span>
     <span class='ocr_line' id='line_1_10' title="bbox 149 937 950 1019; baseline 0.001 -22"><span class='ocrx_word' id='word_1_58' title='bbox 149 937 227 998; x_wconf 72' lang='grc' dir='ltr'>αὐτοὶ</span> <span class='ocrx_word' id='word_1_59' title='bbox 245 942 325 1017; x_wconf 83' lang='grc' dir='ltr'>οἷπερ</span> <span class='ocrx_word' id='word_1_60' title='bbox 345 941 390 998; x_wconf 87' lang='grc' dir='ltr'>καὶ</span> <span class='ocrx_word' id='word_1_61' title='bbox 407 946 434 1004; x_wconf 88' lang='grc' dir='ltr'>ές</span> <span class='ocrx_word' id='word_1_62' title='bbox 453 942 583 1016; x_wconf 77' lang='grc' dir='ltr'>Σικελίην</span> <span class='ocrx_word' id='word_1_63' title='bbox 602 939 729 1009; x_wconf 82' lang='grc' dir='ltr'>ἀπίκατο,</span> <span class='ocrx_word' id='word_1_64' title='bbox 744 940 873 1019; x_wconf 88' lang='grc' dir='ltr'>λέγοντες</span> <span class='ocrx_word' id='word_1_65' title='bbox 885 939 950 1002; x_wconf 79' lang='grc' dir='ltr'>τούς</span> 
     </span>
     <span class='ocr_line' id='line_1_11' title="bbox 148 1027 949 1108; baseline 0.001 -23"><span class='ocrx_word' id='word_1_66' title='bbox 148 1027 248 1090; x_wconf 76' lang='grc' dir='ltr'>αότούς</span> <span class='ocrx_word' id='word_1_67' title='bbox 266 1029 369 1108; x_wconf 86' lang='grc' dir='ltr'>λόγους</span> <span class='ocrx_word' id='word_1_68' title='bbox 386 1028 450 1092; x_wconf 70' lang='grc' dir='ltr'>τοῦς</span> <span class='ocrx_word' id='word_1_69' title='bbox 467 1029 512 1087; x_wconf 85' lang='grc' dir='ltr'>καὶ</span> <span class='ocrx_word' id='word_1_70' title='bbox 528 1029 598 1106; x_wconf 81' lang='grc' dir='ltr'>πρός</span> <span class='ocrx_word' id='word_1_71' title='bbox 617 1029 730 1087; x_wconf 89' lang='grc' dir='ltr'>Γέλωνα</span> <span class='ocrx_word' id='word_1_72' title='bbox 746 1029 852 1108; x_wconf 76' lang='grc' dir='ltr'>ἔλεγον·</span> <span class='ocrx_word' id='word_1_73' title='bbox 877 1031 903 1087; x_wconf 87' lang='grc' dir='ltr'>οί</span> <span class='ocrx_word' id='word_1_74' title='bbox 920 1027 949 1086; x_wconf 82' lang='grc' dir='ltr'>δὲ</span> 
     </span>
     <span class='ocr_line' id='line_1_12' title="bbox 148 1115 948 1196; baseline 0.001 -23"><span class='ocrx_word' id='word_1_75' title='bbox 148 1118 304 1192; x_wconf 87' lang='grc' dir='ltr'>παραυτίκα</span> <span class='ocrx_word' id='word_1_76' title='bbox 321 1120 373 1192; x_wconf 84' lang='grc' dir='ltr'>μὲν</span> <span class='ocrx_word' id='word_1_77' title='bbox 392 1116 547 1196; x_wconf 73' lang='grc' dir='ltr'>ὑπίσχοντο</span> <span class='ocrx_word' id='word_1_78' title='bbox 567 1118 687 1193; x_wconf 75' lang='grc' dir='ltr'>πέμψειν</span> <span class='ocrx_word' id='word_1_79' title='bbox 703 1142 733 1175; x_wconf 94' lang='grc' dir='ltr'>τε</span> <span class='ocrx_word' id='word_1_80' title='bbox 752 1116 797 1174; x_wconf 87' lang='grc' dir='ltr'>καὶ</span> <span class='ocrx_word' id='word_1_81' title='bbox 815 1115 948 1192; x_wconf 87' lang='grc' dir='ltr'>ἀμυνέειν,</span> 
     </span>
     <span class='ocr_line' id='line_1_13' title="bbox 148 1202 948 1281; baseline 0 -19"><span class='ocrx_word' id='word_1_82' title='bbox 148 1203 301 1279; x_wconf 85' lang='grc' dir='ltr'>φράζοντες</span> <span class='ocrx_word' id='word_1_83' title='bbox 315 1205 350 1267; x_wconf 69' lang='grc' dir='ltr'>οἷς</span> <span class='ocrx_word' id='word_1_84' title='bbox 363 1203 396 1263; x_wconf 80' lang='grc' dir='ltr'>οὔ</span> <span class='ocrx_word' id='word_1_85' title='bbox 409 1213 464 1281; x_wconf 89' lang='grc' dir='ltr'>σφι</span> <span class='ocrx_word' id='word_1_86' title='bbox 477 1207 627 1280; x_wconf 82' lang='grc' dir='ltr'>περιοπτέη</span> <span class='ocrx_word' id='word_1_87' title='bbox 641 1206 702 1264; x_wconf 90' lang='grc' dir='ltr'>ε’στὶ</span> <span class='ocrx_word' id='word_1_88' title='bbox 714 1204 733 1280; x_wconf 78' lang='grc' dir='ltr'><em>ἦ</em></span> <span class='ocrx_word' id='word_1_89' title='bbox 745 1204 852 1266; x_wconf 82' lang='grc' dir='ltr'>Ἑλλάς</span> <span class='ocrx_word' id='word_1_90' title='bbox 861 1202 948 1262; x_wconf 85' lang='grc' dir='ltr'>ἀπολ-</span> 
     </span>
     <span class='ocr_line' id='line_1_14' title="bbox 148 1291 947 1373; baseline 0.001 -24"><span class='ocrx_word' id='word_1_91' title='bbox 148 1293 265 1368; x_wconf 87' lang='grc' dir='ltr'>λυμένη·</span> <span class='ocrx_word' id='word_1_92' title='bbox 286 1291 320 1368; x_wconf 82' lang='grc' dir='ltr'>ἢν</span> <span class='ocrx_word' id='word_1_93' title='bbox 335 1292 390 1372; x_wconf 80' lang='grc' dir='ltr'>γάρ</span> <span class='ocrx_word' id='word_1_94' title='bbox 405 1297 515 1370; x_wconf 73' lang='grc' dir='ltr'>σφαλῇ,</span> <span class='ocrx_word' id='word_1_95' title='bbox 531 1297 616 1367; x_wconf 82' lang='grc' dir='ltr'>σφεῖς</span> <span class='ocrx_word' id='word_1_96' title='bbox 627 1319 661 1373; x_wconf 93' lang='grc' dir='ltr'>γε</span> <span class='ocrx_word' id='word_1_97' title='bbox 675 1291 753 1351; x_wconf 76' lang='grc' dir='ltr'>οὐδὲν</span> <span class='ocrx_word' id='word_1_98' title='bbox 767 1291 842 1350; x_wconf 82' lang='grc' dir='ltr'>ἀλλο</span> <span class='ocrx_word' id='word_1_99' title='bbox 855 1291 873 1367; x_wconf 77' lang='grc' dir='ltr'><em>ἢ</em></span> <span class='ocrx_word' id='word_1_100' title='bbox 887 1292 947 1351; x_wconf 90' lang='grc' dir='ltr'>δου-</span> 
     </span>
     <span class='ocr_line' id='line_1_15' title="bbox 147 1378 948 1458; baseline 0.005 -22"><span class='ocrx_word' id='word_1_101' title='bbox 147 1378 285 1439; x_wconf 80' lang='grc' dir='ltr'>λειίσουσι</span> <span class='ocrx_word' id='word_1_102' title='bbox 300 1385 335 1458; x_wconf 79' lang='grc' dir='ltr'>τῇ</span> <span class='ocrx_word' id='word_1_103' title='bbox 352 1382 447 1458; x_wconf 78' lang='grc' dir='ltr'>πρώτῃ</span> <span class='ocrx_word' id='word_1_104' title='bbox 464 1385 519 1438; x_wconf 88' lang='grc' dir='ltr'>τῶν</span> <span class='ocrx_word' id='word_1_105' title='bbox 536 1379 669 1456; x_wconf 79' lang='grc' dir='ltr'>ἡμερέων·</span> <span class='ocrx_word' id='word_1_106' title='bbox 690 1379 768 1439; x_wconf 83' lang='grc' dir='ltr'>ἀλλά</span> <span class='ocrx_word' id='word_1_107' title='bbox 780 1381 948 1457; x_wconf 83' lang='grc' dir='ltr'>τιμωρητέον</span> 
     </span>
     <span class='ocr_line' id='line_1_16' title="bbox 147 1467 947 1545; baseline 0.005 -21"><span class='ocrx_word' id='word_1_108' title='bbox 147 1468 189 1542; x_wconf 81' lang='grc' dir='ltr'>εἴη</span> <span class='ocrx_word' id='word_1_109' title='bbox 201 1473 229 1531; x_wconf 83' lang='grc' dir='ltr'>ές</span> <span class='ocrx_word' id='word_1_110' title='bbox 236 1467 269 1526; x_wconf 81' lang='grc' dir='ltr'>τό</span> <span class='ocrx_word' id='word_1_111' title='bbox 277 1467 472 1526; x_wconf 77' lang='grc' dir='ltr'>δυνατώτατον.</span> <span class='ocrx_word' id='word_1_112' title='bbox 496 1467 676 1545; x_wconf 74' lang='grc' dir='ltr'>ὑπεκρίναντο</span> <span class='ocrx_word' id='word_1_113' title='bbox 686 1472 737 1544; x_wconf 78' lang='grc' dir='ltr'>μὲν</span> <span class='ocrx_word' id='word_1_114' title='bbox 748 1468 819 1529; x_wconf 78' lang='grc' dir='ltr'>οὕτω</span> <span class='ocrx_word' id='word_1_115' title='bbox 830 1467 947 1545; x_wconf 71' lang='grc' dir='ltr'>εὐπρόσ-</span> 
     </span>
     <span class='ocr_line' id='line_1_17' title="bbox 146 1555 946 1632; baseline 0.004 -19"><span class='ocrx_word' id='word_1_116' title='bbox 146 1581 218 1614; x_wconf 87' lang='grc' dir='ltr'>ωπα·</span> <span class='ocrx_word' id='word_1_117' title='bbox 246 1557 306 1614; x_wconf 80' lang='grc' dir='ltr'>ἐπεὶ</span> <span class='ocrx_word' id='word_1_118' title='bbox 327 1557 356 1614; x_wconf 85' lang='grc' dir='ltr'>δὲ</span> <span class='ocrx_word' id='word_1_119' title='bbox 377 1555 429 1615; x_wconf 80' lang='grc' dir='ltr'>ἔδει</span> <span class='ocrx_word' id='word_1_120' title='bbox 449 1556 589 1631; x_wconf 85' lang='grc' dir='ltr'>βοηθέειν,</span> <span class='ocrx_word' id='word_1_121' title='bbox 613 1556 690 1615; x_wconf 87' lang='grc' dir='ltr'>α”λλα</span> <span class='ocrx_word' id='word_1_122' title='bbox 711 1561 835 1620; x_wconf 81' lang='grc' dir='ltr'>νοεῦντες</span> <span class='ocrx_word' id='word_1_123' title='bbox 862 1557 946 1632; x_wconf 82' lang='grc' dir='ltr'>ε’πλή-</span> 
     </span>
     <span class='ocr_line' id='line_1_18' title="bbox 145 1643 945 1725; baseline 0.004 -24"><span class='ocrx_word' id='word_1_124' title='bbox 145 1668 241 1718; x_wconf 90' lang='grc' dir='ltr'>ρωσαν</span> <span class='ocrx_word' id='word_1_125' title='bbox 265 1644 327 1706; x_wconf 89' lang='grc' dir='ltr'>νέας</span> <span class='ocrx_word' id='word_1_126' title='bbox 348 1643 488 1718; x_wconf 76' lang='grc' dir='ltr'>ἑξήκοντα,</span> <span class='ocrx_word' id='word_1_127' title='bbox 510 1644 592 1725; x_wconf 89' lang='grc' dir='ltr'>μόγις</span> <span class='ocrx_word' id='word_1_128' title='bbox 615 1645 644 1703; x_wconf 81' lang='grc' dir='ltr'>δὲ</span> <span class='ocrx_word' id='word_1_129' title='bbox 671 1645 836 1724; x_wconf 78' lang='grc' dir='ltr'>ἀναχθέντες</span> <span class='ocrx_word' id='word_1_130' title='bbox 858 1671 945 1722; x_wconf 89' lang='grc' dir='ltr'>προσ-</span> 
     </span>
     <span class='ocr_line' id='line_1_19' title="bbox 146 1730 945 1811; baseline 0.003 -22"><span class='ocrx_word' id='word_1_131' title='bbox 146 1730 244 1806; x_wconf 82' lang='grc' dir='ltr'>έμιξαν</span> <span class='ocrx_word' id='word_1_132' title='bbox 256 1734 292 1810; x_wconf 82' lang='grc' dir='ltr'>τῇ</span> <span class='ocrx_word' id='word_1_133' title='bbox 306 1730 525 1811; x_wconf 76' lang='grc' dir='ltr'>Πελοποννήσῳ·</span> <span class='ocrx_word' id='word_1_134' title='bbox 547 1733 592 1790; x_wconf 83' lang='grc' dir='ltr'>καὶ</span> <span class='ocrx_word' id='word_1_135' title='bbox 605 1735 669 1809; x_wconf 87' lang='grc' dir='ltr'>περὶ</span> <span class='ocrx_word' id='word_1_136' title='bbox 679 1733 777 1792; x_wconf 77' lang='grc' dir='ltr'>Πύλον</span> <span class='ocrx_word' id='word_1_137' title='bbox 791 1733 837 1791; x_wconf 81' lang='grc' dir='ltr'>καὶ</span> <span class='ocrx_word' id='word_1_138' title='bbox 849 1734 945 1791; x_wconf 86' lang='grc' dir='ltr'>Ταίνα·</span> 
     </span>
     <span class='ocr_line' id='line_1_20' title="bbox 144 1819 945 1899; baseline 0.009 -23"><span class='ocrx_word' id='word_1_139' title='bbox 144 1843 196 1894; x_wconf 91' lang='grc' dir='ltr'>ρον</span> <span class='ocrx_word' id='word_1_140' title='bbox 218 1823 273 1899; x_wconf 76' lang='grc' dir='ltr'>γῆς</span> <span class='ocrx_word' id='word_1_141' title='bbox 292 1823 342 1895; x_wconf 82' lang='grc' dir='ltr'>τῆς</span> <span class='ocrx_word' id='word_1_142' title='bbox 362 1820 586 1896; x_wconf 89' lang='grc' dir='ltr'>Λακεδαιμονίων</span> <span class='ocrx_word' id='word_1_143' title='bbox 609 1819 777 1899; x_wconf 75' lang='grc' dir='ltr'>ἀνεκώχευον</span> <span class='ocrx_word' id='word_1_144' title='bbox 800 1821 849 1883; x_wconf 80' lang='grc' dir='ltr'>τάς</span> <span class='ocrx_word' id='word_1_145' title='bbox 875 1822 945 1890; x_wconf 77' lang='grc' dir='ltr'>νέας,</span> 
     </span>
     <span class='ocr_line' id='line_1_21' title="bbox 146 1905 944 1988; baseline 0.005 -25"><span class='ocrx_word' id='word_1_146' title='bbox 146 1908 360 1984; x_wconf 88' lang='grc' dir='ltr'>καραδοκέοντες</span> <span class='ocrx_word' id='word_1_147' title='bbox 380 1909 425 1966; x_wconf 82' lang='grc' dir='ltr'>καὶ</span> <span class='ocrx_word' id='word_1_148' title='bbox 446 1905 522 1966; x_wconf 81' lang='grc' dir='ltr'>οὗτοι</span> <span class='ocrx_word' id='word_1_149' title='bbox 540 1907 590 1967; x_wconf 82' lang='grc' dir='ltr'>τόν</span> <span class='ocrx_word' id='word_1_150' title='bbox 610 1908 736 1986; x_wconf 86' lang='grc' dir='ltr'>πόλεμον</span> <span class='ocrx_word' id='word_1_151' title='bbox 759 1907 778 1988; x_wconf 77' lang='grc' dir='ltr'><em>ᾗ</em></span> <span class='ocrx_word' id='word_1_152' title='bbox 805 1910 944 1968; x_wconf 87' lang='grc' dir='ltr'>πεσέεται·</span> 
     </span>
     <span class='ocr_line' id='line_1_22' title="bbox 145 1993 945 2073; baseline 0.004 -20"><span class='ocrx_word' id='word_1_153' title='bbox 145 1993 329 2059; x_wconf 82' lang='grc' dir='ltr'>ἀελπτέοντες</span> <span class='ocrx_word' id='word_1_154' title='bbox 344 1998 396 2072; x_wconf 77' lang='grc' dir='ltr'>μὲν</span> <span class='ocrx_word' id='word_1_155' title='bbox 412 1996 477 2058; x_wconf 77' lang='grc' dir='ltr'>τοθς</span> <span class='ocrx_word' id='word_1_156' title='bbox 490 1995 634 2073; x_wconf 81' lang='grc' dir='ltr'>Ἕλληνας</span> <span class='ocrx_word' id='word_1_157' title='bbox 649 1997 886 2073; x_wconf 78' lang='grc' dir='ltr'>όπερβαλέεσθαι,</span> <span class='ocrx_word' id='word_1_158' title='bbox 901 1997 945 2056; x_wconf 89' lang='grc' dir='ltr'>δο-</span> 
     </span>
     <span class='ocr_line' id='line_1_23' title="bbox 147 2083 945 2162; baseline 0.004 -21"><span class='ocrx_word' id='word_1_159' title='bbox 147 2084 254 2147; x_wconf 89' lang='grc' dir='ltr'>κέοντες</span> <span class='ocrx_word' id='word_1_160' title='bbox 281 2084 310 2142; x_wconf 78' lang='grc' dir='ltr'>δὲ</span> <span class='ocrx_word' id='word_1_161' title='bbox 336 2083 385 2143; x_wconf 84' lang='grc' dir='ltr'>τόν</span> <span class='ocrx_word' id='word_1_162' title='bbox 413 2085 529 2160; x_wconf 89' lang='grc' dir='ltr'>Πέρσην</span> <span class='ocrx_word' id='word_1_163' title='bbox 559 2085 808 2162; x_wconf 87' lang='grc' dir='ltr'>κατακρατήσαντα</span> <span class='ocrx_word' id='word_1_164' title='bbox 835 2085 945 2145; x_wconf 85' lang='grc' dir='ltr'>πολλόν</span> 
     </span>
     <span class='ocr_line' id='line_1_24' title="bbox 145 2168 944 2249; baseline 0.006 -21"><span class='ocrx_word' id='word_1_165' title='bbox 145 2168 239 2247; x_wconf 73' lang='grc' dir='ltr'>ἄρξειν</span> <span class='ocrx_word' id='word_1_166' title='bbox 252 2171 347 2248; x_wconf 84' lang='grc' dir='ltr'>πόσης</span> <span class='ocrx_word' id='word_1_167' title='bbox 359 2175 409 2249; x_wconf 76' lang='grc' dir='ltr'>τῆς</span> <span class='ocrx_word' id='word_1_168' title='bbox 421 2172 568 2236; x_wconf 84' lang='grc' dir='ltr'>Ἑλλάδος·</span> <span class='ocrx_word' id='word_1_169' title='bbox 584 2174 691 2232; x_wconf 76' lang='grc' dir='ltr'>ἐποίευν</span> <span class='ocrx_word' id='word_1_170' title='bbox 705 2173 741 2233; x_wconf 81' lang='grc' dir='ltr'>ὦν</span> <span class='ocrx_word' id='word_1_171' title='bbox 755 2174 886 2248; x_wconf 89' lang='grc' dir='ltr'>ε’πίτηδες,</span> <span class='ocrx_word' id='word_1_172' title='bbox 902 2175 944 2234; x_wconf 86' lang='grc' dir='ltr'>ἶνα</span> 
     </span>
     <span class='ocr_line' id='line_1_25' title="bbox 145 2261 943 2343; baseline 0.006 -26"><span class='ocrx_word' id='word_1_173' title='bbox 145 2261 232 2338; x_wconf 79' lang='grc' dir='ltr'>ἔχωσι</span> <span class='ocrx_word' id='word_1_174' title='bbox 245 2261 315 2338; x_wconf 84' lang='grc' dir='ltr'>πρός</span> <span class='ocrx_word' id='word_1_175' title='bbox 327 2261 378 2321; x_wconf 81' lang='grc' dir='ltr'>τόν</span> <span class='ocrx_word' id='word_1_176' title='bbox 392 2262 508 2338; x_wconf 90' lang='grc' dir='ltr'>Πέρσην</span> <span class='ocrx_word' id='word_1_177' title='bbox 520 2263 613 2343; x_wconf 88' lang='grc' dir='ltr'>λέγειν</span> <span class='ocrx_word' id='word_1_178' title='bbox 626 2262 728 2322; x_wconf 84' lang='grc' dir='ltr'>τοιάδε·</span> <span class='ocrx_word' id='word_1_179' title='bbox 750 2261 797 2320; x_wconf 82' lang='grc' dir='ltr'>“ὦ</span> <span class='ocrx_word' id='word_1_180' title='bbox 810 2265 943 2338; x_wconf 80' lang='grc' dir='ltr'>βασιλεῦ,</span> 
     </span>
     <span class='ocr_line' id='line_1_26' title="bbox 145 2347 944 2428; baseline 0.008 -22"><span class='ocrx_word' id='word_1_181' title='bbox 145 2347 232 2424; x_wconf 84' lang='grc' dir='ltr'>ήμεῖς,</span> <span class='ocrx_word' id='word_1_182' title='bbox 246 2349 527 2426; x_wconf 84' lang='grc' dir='ltr'>παραλαμβανόντων</span> <span class='ocrx_word' id='word_1_183' title='bbox 539 2353 594 2410; x_wconf 75' lang='grc' dir='ltr'>τῶν</span> <span class='ocrx_word' id='word_1_184' title='bbox 602 2349 747 2425; x_wconf 85' lang='grc' dir='ltr'>Ἑλλήνων</span> <span class='ocrx_word' id='word_1_185' title='bbox 755 2350 843 2428; x_wconf 83' lang='grc' dir='ltr'>ήμέας</span> <span class='ocrx_word' id='word_1_186' title='bbox 855 2356 883 2414; x_wconf 84' lang='grc' dir='ltr'>ές</span> <span class='ocrx_word' id='word_1_187' title='bbox 895 2352 944 2412; x_wconf 84' lang='grc' dir='ltr'>τόν</span> 
     </span>
     <span class='ocr_line' id='line_1_27' title="bbox 144 2436 943 2520; baseline 0.008 -26"><span class='ocrx_word' id='word_1_188' title='bbox 144 2436 272 2512; x_wconf 87' lang='grc' dir='ltr'>πόλεμον</span> <span class='ocrx_word' id='word_1_189' title='bbox 284 2441 392 2507; x_wconf 77' lang='grc' dir='ltr'>τοῦτον,</span> <span class='ocrx_word' id='word_1_190' title='bbox 406 2439 514 2516; x_wconf 79' lang='grc' dir='ltr'>ἔχοντες</span> <span class='ocrx_word' id='word_1_191' title='bbox 524 2438 638 2515; x_wconf 81' lang='grc' dir='ltr'>δύναμιν</span> <span class='ocrx_word' id='word_1_192' title='bbox 649 2438 698 2498; x_wconf 85' lang='grc' dir='ltr'>ου’κ</span> <span class='ocrx_word' id='word_1_193' title='bbox 707 2441 869 2520; x_wconf 77' lang='grc' dir='ltr'>ἐλαχίστην,</span> <span class='ocrx_word' id='word_1_194' title='bbox 881 2441 943 2500; x_wconf 77' lang='grc' dir='ltr'>οάδὲ</span> 
     </span>
     <span class='ocr_line' id='line_1_28' title="bbox 144 2523 943 2606; baseline 0.008 -24"><span class='ocrx_word' id='word_1_195' title='bbox 144 2523 207 2586; x_wconf 81' lang='grc' dir='ltr'>νέας</span> <span class='ocrx_word' id='word_1_196' title='bbox 221 2526 375 2604; x_wconf 77' lang='grc' dir='ltr'>ἐλαχίστας</span> <span class='ocrx_word' id='word_1_197' title='bbox 384 2526 580 2606; x_wconf 90' lang='grc' dir='ltr'>παρασχόντες</span> <span class='ocrx_word' id='word_1_198' title='bbox 589 2525 630 2596; x_wconf 78' lang='grc' dir='ltr'>ἂν,</span> <span class='ocrx_word' id='word_1_199' title='bbox 640 2526 717 2587; x_wconf 83' lang='grc' dir='ltr'>ἀλλά</span> <span class='ocrx_word' id='word_1_200' title='bbox 727 2529 863 2591; x_wconf 86' lang='grc' dir='ltr'>πλείστας</span> <span class='ocrx_word' id='word_1_201' title='bbox 872 2529 943 2605; x_wconf 85' lang='grc' dir='ltr'>ρετιί</span> 
     </span>
     <span class='ocr_line' id='line_1_29' title="bbox 143 2611 945 2691; baseline 0.007 -21"><span class='ocrx_word' id='word_1_202' title='bbox 143 2637 177 2691; x_wconf 91' lang='grc' dir='ltr'>γε</span> <span class='ocrx_word' id='word_1_203' title='bbox 186 2611 359 2688; x_wconf 88' lang='grc' dir='ltr'>Ἀθηναίους,</span> <span class='ocrx_word' id='word_1_204' title='bbox 370 2613 419 2672; x_wconf 77' lang='grc' dir='ltr'>οιίκ</span> <span class='ocrx_word' id='word_1_205' title='bbox 430 2614 605 2690; x_wconf 89' lang='grc' dir='ltr'>ε’θελήσαμέν</span> <span class='ocrx_word' id='word_1_206' title='bbox 614 2641 658 2675; x_wconf 93' lang='grc' dir='ltr'>τοι</span> <span class='ocrx_word' id='word_1_207' title='bbox 669 2617 869 2684; x_wconf 78' lang='grc' dir='ltr'>ἐναντιοῦσθαι,</span> <span class='ocrx_word' id='word_1_208' title='bbox 881 2616 945 2676; x_wconf 77' lang='grc' dir='ltr'>οὐδέ</span> 
     </span>
     <span class='ocr_line' id='line_1_30' title="bbox 143 2700 943 2786; baseline 0.011 -29"><span class='ocrx_word' id='word_1_209' title='bbox 143 2725 171 2758; x_wconf 90' lang='grc' dir='ltr'>τι</span> <span class='ocrx_word' id='word_1_210' title='bbox 192 2700 349 2777; x_wconf 79' lang='grc' dir='ltr'>ἀποθύμιον</span> <span class='ocrx_word' id='word_1_211' title='bbox 369 2701 512 2778; x_wconf 78' lang='grc' dir='ltr'>ποιῆσαι·”</span> <span class='ocrx_word' id='word_1_212' title='bbox 535 2708 649 2764; x_wconf 82' lang='grc' dir='ltr'>τοιαῦτα</span> <span class='ocrx_word' id='word_1_213' title='bbox 672 2706 801 2786; x_wconf 88' lang='grc' dir='ltr'>λέγοντες</span> <span class='ocrx_word' id='word_1_214' title='bbox 824 2703 943 2779; x_wconf 75' lang='grc' dir='ltr'>ἤλπιζον</span> 
     </span>
     <span class='ocr_line' id='line_1_31' title="bbox 143 2785 942 2874; baseline 0.008 -28"><span class='ocrx_word' id='word_1_215' title='bbox 143 2789 233 2847; x_wconf 90' lang='grc' dir='ltr'>πλέον</span> <span class='ocrx_word' id='word_1_216' title='bbox 246 2814 273 2847; x_wconf 91' lang='grc' dir='ltr'>τι</span> <span class='ocrx_word' id='word_1_217' title='bbox 286 2793 341 2848; x_wconf 77' lang='grc' dir='ltr'>τῶν</span> <span class='ocrx_word' id='word_1_218' title='bbox 354 2789 450 2850; x_wconf 82' lang='grc' dir='ltr'>ἀλλων</span> <span class='ocrx_word' id='word_1_219' title='bbox 463 2785 602 2852; x_wconf 83' lang='grc' dir='ltr'>οἴσεσθαι·</span> <span class='ocrx_word' id='word_1_220' title='bbox 619 2793 707 2870; x_wconf 84' lang='grc' dir='ltr'>τόπερ</span> <span class='ocrx_word' id='word_1_221' title='bbox 720 2791 754 2853; x_wconf 77' lang='grc' dir='ltr'>ἂν</span> <span class='ocrx_word' id='word_1_222' title='bbox 767 2795 812 2852; x_wconf 86' lang='grc' dir='ltr'>καὶ</span> <span class='ocrx_word' id='word_1_223' title='bbox 826 2793 942 2874; x_wconf 79' lang='grc' dir='ltr'>ἐγένετο,</span> 
     </span>
     <span class='ocr_line' id='line_1_32' title="bbox 144 2875 944 2960; baseline 0.01 -24"><span class='ocrx_word' id='word_1_224' title='bbox 144 2875 180 2940; x_wconf 76' lang='grc' dir='ltr'>ὥς</span> <span class='ocrx_word' id='word_1_225' title='bbox 199 2878 262 2953; x_wconf 75' lang='grc' dir='ltr'>ἐμοὶ</span> <span class='ocrx_word' id='word_1_226' title='bbox 275 2877 372 2937; x_wconf 89' lang='grc' dir='ltr'>δοκέει.</span> <span class='ocrx_word' id='word_1_227' title='bbox 413 2880 483 2955; x_wconf 81' lang='grc' dir='ltr'>πρός</span> <span class='ocrx_word' id='word_1_228' title='bbox 496 2880 525 2938; x_wconf 82' lang='grc' dir='ltr'>δὲ</span> <span class='ocrx_word' id='word_1_229' title='bbox 538 2879 602 2944; x_wconf 70' lang='grc' dir='ltr'>τούς</span> <span class='ocrx_word' id='word_1_230' title='bbox 610 2880 753 2956; x_wconf 84' lang='grc' dir='ltr'>Ἕλληνάς</span> <span class='ocrx_word' id='word_1_231' title='bbox 770 2888 825 2957; x_wconf 83' lang='grc' dir='ltr'>σφι</span> <span class='ocrx_word' id='word_1_232' title='bbox 839 2885 944 2960; x_wconf 79' lang='grc' dir='ltr'>σκῆψις</span> 
     </span>
     <span class='ocr_line' id='line_1_33' title="bbox 143 2966 943 3052; baseline 0.008 -28"><span class='ocrx_word' id='word_1_233' title='bbox 143 2966 302 3041; x_wconf 78' lang='grc' dir='ltr'>έπεποίητρ,</span> <span class='ocrx_word' id='word_1_234' title='bbox 315 2969 404 3044; x_wconf 77' lang='grc' dir='ltr'>τῇπερ</span> <span class='ocrx_word' id='word_1_235' title='bbox 418 2967 452 3042; x_wconf 77' lang='grc' dir='ltr'>δὴ</span> <span class='ocrx_word' id='word_1_236' title='bbox 466 2969 511 3026; x_wconf 84' lang='grc' dir='ltr'>καὶ</span> <span class='ocrx_word' id='word_1_237' title='bbox 525 2968 691 3046; x_wconf 81' lang='grc' dir='ltr'>ἐχρήσαντο·</span> <span class='ocrx_word' id='word_1_238' title='bbox 710 2972 875 3046; x_wconf 83' lang='grc' dir='ltr'>αἰτιωμένων</span> <span class='ocrx_word' id='word_1_239' title='bbox 887 2970 943 3052; x_wconf 78' lang='grc' dir='ltr'>γάρ</span> 
     </span>
     <span class='ocr_line' id='line_1_34' title="bbox 141 3053 942 3134; baseline 0.01 -22"><span class='ocrx_word' id='word_1_240' title='bbox 141 3059 198 3114; x_wconf 73' lang='grc' dir='ltr'>ταῖν</span> <span class='ocrx_word' id='word_1_241' title='bbox 213 3053 359 3131; x_wconf 81' lang='grc' dir='ltr'>Ἑλλήνων</span> <span class='ocrx_word' id='word_1_242' title='bbox 376 3054 419 3115; x_wconf 82' lang='grc' dir='ltr'>ὅτι</span> <span class='ocrx_word' id='word_1_243' title='bbox 437 3054 487 3114; x_wconf 77' lang='grc' dir='ltr'>οιίκ</span> <span class='ocrx_word' id='word_1_244' title='bbox 505 3055 650 3132; x_wconf 78' lang='grc' dir='ltr'>ἐβοήθεον,</span> <span class='ocrx_word' id='word_1_245' title='bbox 664 3058 776 3132; x_wconf 80' lang='grc' dir='ltr'>ἔφασαν</span> <span class='ocrx_word' id='word_1_246' title='bbox 793 3062 942 3134; x_wconf 80' lang='grc' dir='ltr'>πληρῶσαι</span> 
     </span>
     <span class='ocr_line' id='line_1_35' title="bbox 141 3141 942 3222; baseline 0.001 -21"><span class='ocrx_word' id='word_1_247' title='bbox 141 3143 195 3218; x_wconf 72' lang='grc' dir='ltr'>μὲν</span> <span class='ocrx_word' id='word_1_248' title='bbox 208 3142 342 3219; x_wconf 76' lang='grc' dir='ltr'>ἑξήκοντα</span> <span class='ocrx_word' id='word_1_249' title='bbox 353 3142 481 3222; x_wconf 80' lang='grc' dir='ltr'>τριήρεας</span> <span class='ocrx_word' id='word_1_250' title='bbox 493 3143 548 3202; x_wconf 79' lang='grc' dir='ltr'>όπό</span> <span class='ocrx_word' id='word_1_251' title='bbox 563 3144 592 3202; x_wconf 80' lang='grc' dir='ltr'>δὲ</span> <span class='ocrx_word' id='word_1_252' title='bbox 606 3144 737 3218; x_wconf 88' lang='grc' dir='ltr'>ε’τησιέων</span> <span class='ocrx_word' id='word_1_253' title='bbox 746 3141 853 3218; x_wconf 84' lang='grc' dir='ltr'>ἀνέμων</span> <span class='ocrx_word' id='word_1_254' title='bbox 861 3143 942 3218; x_wconf 75' lang='grc' dir='ltr'>άπερ-</span> 
     </span>
     <span class='ocr_line' id='line_1_36' title="bbox 140 3228 942 3309; baseline -0.006 -17"><span class='ocrx_word' id='word_1_255' title='bbox 140 3233 261 3308; x_wconf 84' lang='grc' dir='ltr'>βαλέειν</span> <span class='ocrx_word' id='word_1_256' title='bbox 287 3233 407 3307; x_wconf 87' lang='grc' dir='ltr'>Μαλέην</span> <span class='ocrx_word' id='word_1_257' title='bbox 427 3232 478 3290; x_wconf 74' lang='grc' dir='ltr'>οὐκ</span> <span class='ocrx_word' id='word_1_258' title='bbox 499 3231 603 3289; x_wconf 74' lang='grc' dir='ltr'>οἷοίτε</span> <span class='ocrx_word' id='word_1_259' title='bbox 622 3230 762 3309; x_wconf 90' lang='grc' dir='ltr'>γενέσθαι·</span> <span class='ocrx_word' id='word_1_260' title='bbox 797 3228 867 3287; x_wconf 81' lang='grc' dir='ltr'>οὕτω</span> <span class='ocrx_word' id='word_1_261' title='bbox 893 3230 942 3288; x_wconf 73' lang='grc' dir='ltr'>οὐκ</span> 
     </span>
     <span class='ocr_line' id='line_1_37' title="bbox 142 3313 941 3394; baseline -0.013 -14"><span class='ocrx_word' id='word_1_262' title='bbox 142 3319 298 3380; x_wconf 76' lang='grc' dir='ltr'>ἀπικέσθαι</span> <span class='ocrx_word' id='word_1_263' title='bbox 318 3325 345 3382; x_wconf 82' lang='grc' dir='ltr'>ές</span> <span class='ocrx_word' id='word_1_264' title='bbox 367 3320 524 3394; x_wconf 79' lang='grc' dir='ltr'>Σαλαμῖνα,</span> <span class='ocrx_word' id='word_1_265' title='bbox 539 3317 586 3374; x_wconf 88' lang='grc' dir='ltr'>καὶ</span> <span class='ocrx_word' id='word_1_266' title='bbox 604 3314 716 3391; x_wconf 73' lang='grc' dir='ltr'>οὐδεμιῇ</span> <span class='ocrx_word' id='word_1_267' title='bbox 736 3313 867 3382; x_wconf 85' lang='grc' dir='ltr'>κακότητι</span> <span class='ocrx_word' id='word_1_268' title='bbox 886 3319 941 3371; x_wconf 92' lang='grc' dir='ltr'>λει-</span> 
     </span>
    </p>
   </div>
   <div class='ocr_carea' id='block_1_2' title="bbox 0 0 1146 3550">
    <p class='ocr_par' dir='ltr' id='par_1_3' title="bbox 0 0 1146 3550">
     <span class='ocr_line' id='line_1_38' title="bbox 0 0 1146 3550; baseline 0 2"><span class='ocrx_word' id='word_1_269' title='bbox 0 0 1146 3550; x_wconf 95' lang='lat' dir='ltr'> </span> 
     </span>
    </p>
   </div>
  </div>
 </body>
</html>
