2276 3554
181 137 227 186 ιιι
488 135 671 185 Ἦνοιοτοτ
903 136 979 201 [vn.

180 214 284 290 θάρσος
308 213 343 278 ῶς
365 215 443 274 οὐδὲν
464 215 627 292 πεισόμενοι
645 214 729 294 ἄχαρι
750 215 820 293 πρός
838 220 888 276 τοῦ
908 219 980 296 βαρ-

98 305 103 310 ’
178 301 280 378 βάρου·
309 305 336 362 οἱ
356 303 385 362 δέ
406 302 438 362 οῦ
459 302 552 366 δόντες
573 309 602 363 ἐν
622 305 730 380 δείματι
750 304 865 386 μεγάλω
883 306 981 366 κατέσ-

178 417 277 460 τασαν,
292 390 341 450 ἆτε
355 389 417 450 οῦτε
430 395 497 451 νεῶν
511 392 630 452 ἐουσέων
645 397 673 452 ἐν
686 391 851 471 τῇῈλλάδι
862 391 982 470 ἀριθμόν

179 477 337 557 ἀξιομάχων
358 478 488 539 δέκεσθαι
507 479 557 539 τόν
577 480 697 549 ἐπιόντα,
713 479 776 540 οὔτε
799 483 982 558 βουλομένων

178 571 232 626 τῶν
243 571 359 626 πολλῶν
368 566 558 628 ἀντάπτεσθαι
568 571 618 628 τοῦ
627 569 763 644 πολέμου,
771 568 940 645 μηδιζόντων
951 570 981 630 δέ

132 657 188 714 139
198 655 354 732 προθύμως.
396 654 534 715 Ἐνθαῦτα
551 655 687 737 ἀναγκαίῃ
705 657 852 738 ἐξέργομαι
867 658 983 738 γνιόμην

178 743 369 813 ἀποδέξασθαι
389 745 542 819 ἐπίφθονον
562 747 613 821 μὲν
633 744 703 820 πρός
721 749 776 804 τῶν
792 744 917 805 πλεόνων
935 746 981 806 α’ν-

179 831 304 909 θριόπων·
327 831 400 908 ὅμως
416 831 453 901 δέ,
472 859 508 911 τῃ
524 834 559 914 γέ
573 859 623 909 μοι
644 833 772 909 φαίνεται
786 833 854 892 εἶναι
867 831 980 909 ἀληθὲς,

178 918 227 978 οῦκ
249 920 406 999 ἐπισχήσω·
435 924 459 978 εἰ
478 919 621 997 Ἀθηναῖοι
646 920 907 997 καταρρωδήσαντες
931 923 981 982 τόν

178 1009 290 1068 ἐπιόντα
311 1009 434 1068 κίνδυνον
456 1010 584 1078 ἐξέλιπον
599 1008 651 1085 τήν
670 1010 819 1087 σφετέρην,
836 1007 855 1085 ἢ
877 1009 922 1068 καὶ
939 1013 980 1087 μὴ

179 1097 337 1160 ἐκλιπόντες
361 1096 438 1156 ἀλλά
464 1098 605 1174 μείναντες
633 1097 734 1156 ἔδοσαν
761 1099 853 1174 σφέας
880 1096 980 1163 αῦτοῦς

177 1187 276 1264 Ξέρξῃ,
299 1185 370 1245 κατά
390 1185 442 1262 τήν
463 1185 615 1246 θάλασσαν
636 1185 752 1262 οὐδαμοὶ
774 1184 808 1258 ἂν
833 1191 980 1263 ἐπειρῶντο

178 1273 346 1350 άντιεόμενοι
364 1275 495 1350 βασιλέϊ·
521 1279 544 1333 εἰ
561 1275 653 1334 τοίνυν
671 1274 741 1333 κατά
759 1273 810 1350 τήν
829 1274 981 1337 θάλασσαν

176 1363 271 1438 μηδεὶς
297 1361 426 1438 ἠντιοῦτο
450 1363 548 1441 Ξέρξῃ,
575 1361 645 1422 κατά
671 1389 704 1443 γε
731 1360 765 1422 ἂν
791 1363 842 1438 τήν
865 1363 981 1442 ἤπειρον

176 1451 268 1509 τοιάδε
287 1452 400 1530 ἐγίνετο·
426 1455 449 1510 εἰ
468 1452 513 1509 καὶ
526 1451 633 1509 πολλοὶ
651 1451 762 1529 τειχέων
782 1452 892 1514 κιθῶνες
904 1451 981 1528 ἦσαν

178 1539 346 1614 ἐληλαμένοι
366 1530 411 1598 διά
428 1543 478 1598 τοῦ
495 1538 613 1615 Ἰσθμοῦ
631 1540 898 1615 Πελοποννησίοισι,
912 1568 980 1618 προ-

177 1627 301 1689 δοθέντες
319 1625 352 1686 ἂν
370 1627 584 1704 Λακεδαιμόνιοι
603 1626 658 1686 ῦπό
676 1631 732 1687 τῶν
746 1628 910 1707 συμμάχων,
930 1630 981 1689 οὐκ

178 1715 292 1776 ἑκόντων
313 1715 379 1776 ἀλλ’
400 1714 446 1775 ὕπ’
473 1715 631 1798 ἀναγκαίης,
648 1715 730 1775 ικατά
757 1717 839 1779 πόλις
865 1717 980 1777 ἁλισκο-

177 1806 264 1881 μένων
291 1803 346 1864 ῦπό
369 1809 420 1864 τοῦ
441 1808 569 1865 ναυτικοῦ
596 1808 719 1881 στρατοῦ
743 1808 793 1864 τοῦ
816 1805 980 1883 βαρβάρου,

178 1893 385 1969 ἐμουνώθησαν·
409 1893 594 1970 μουνωθέντες
611 1892 640 1951 δὲ
657 1891 698 1965 ἀν,
717 1893 763 1950 καὶ
780 1892 982 1969 ἀποδεξάμενοι

178 1983 244 2062 ἔργα
263 1981 384 2062 μεγάλα,
399 1980 537 2040 ἀπέθανον
555 1982 694 2062 γενναίως·
735 1979 853 2056 ἢταῦτα
867 1978 900 2040 ἂν
915 1983 981 2041 ἐπα-

178 2071 235 2140 θον,
256 2069 275 2145 ἢ
295 2070 350 2146 πρό
370 2074 430 2138 τοῦ,
450 2068 578 2145 ὁρέωντες
596 2066 630 2127 ἂν
648 2069 694 2127 καὶ
712 2069 776 2132 τοῦς
794 2068 900 2132 ἄλλους
911 2069 982 2130 Ἔλ-

177 2162 263 2232 ληνας
289 2158 461 2233 μηδίζοντας,
489 2157 627 2238 ὁμολογίῃ
657 2155 691 2216 ἂν
724 2157 880 2234 ἐχρήσαντο
910 2159 983 2235 πρός

177 2247 291 2322 Ξέρξεα·
315 2247 359 2303 καὶ
375 2245 444 2304 οὕτω
459 2244 492 2305 ἂν
506 2244 547 2304 ἐπ’
562 2244 709 2322 ἀμφότερα
723 2244 741 2320 ἡ
753 2244 860 2308 Ἑλλάς
875 2247 982 2326 ἐγίνετο

176 2333 231 2393 ῦπό
254 2335 396 2412 Πέρσῃσι·
425 2333 477 2410 τήν
497 2333 552 2415 γάρ
576 2332 702 2410 ὠφελίην
721 2333 774 2408 τήν
794 2338 848 2393 τῶν
868 2335 983 2413 τειχέων

176 2427 231 2481 τῶν
245 2421 289 2480 διά
307 2425 357 2480 τοῦ
375 2421 493 2498 Ἰσθμοῦ
507 2423 686 2499 ἐληλαμένων
700 2421 732 2481 οῦ
746 2421 862 2498 δύναμαι
876 2423 981 2482 πυθέσ·

179 2511 225 2569 θαι
243 2509 303 2587 ἥτις
321 2508 355 2570 ἂν
372 2510 414 2587 ἦν,
429 2511 568 2586 βασιλέος
587 2513 795 2587 ἐπικρατέοντος
807 2514 858 2586 τῆς
872 2509 980 2570 θαλάσ-

178 2625 239 2675 σης·
257 2603 305 2658 νῦν
320 2599 349 2657 δὲ
361 2598 525 2674 Ἀθηναίους
538 2597 574 2658 ἅν
587 2625 629 2662 τις
642 2601 732 2680 λέγων
746 2602 874 2674 σωτῆρας
884 2600 980 2679 γενέσ·

179 2689 225 2748 θαι
251 2692 301 2763 τῆς
323 2687 469 2756 Ἑλλάδος,
495 2685 544 2746 οῦκ
568 2685 602 2746 ἂν
626 2686 779 2764 ἁμαρτάνοι
805 2686 838 2745 τό
866 2684 980 2761 ἀληθές·

178 2775 253 2836 οὗτοι
273 2776 327 2858 γάρ
350 2777 395 2835 ἐπὶ
416 2775 533 2854 ὁκότερα
552 2779 607 2835 τῶν
628 2773 799 2857 πρηγμάτων
818 2773 981 2850 ἐτράποντο,

179 2870 267 2925 ταῦτα
279 2865 374 2942 ῥέψειν
388 2867 498 2940 ἔμελλε·
520 2863 648 2940 ἑλόμενοι
662 2863 692 2922 δὲ
704 2863 756 2940 τήν
765 2861 892 2922 Ἑλλάδα
905 2888 982 2938 περι-

179 2959 247 3013 εἳναι
261 2955 416 3031 ἐλευθέρην,
430 2957 513 3013 τοῦτο
526 2952 558 3012 τό
572 2951 740 3027 Ἑλληνικόν
753 2956 810 3011 πᾶν
822 2949 855 3011 τό
869 2949 980 3025 λοιπόν,

180 3041 248 3102 ὅσον
260 3041 301 3118 μή
319 3041 441 3119 ἐμήδισε,
458 3040 536 3100 αὐτοὶ
555 3037 631 3100 οῦτοι
647 3039 722 3116 ἦσαν
739 3043 765 3099 οἱ
781 3040 980 3120 ἐπεγείραντες,

180 3131 224 3188 καὶ
237 3131 364 3205 βασιλέα
377 3129 448 3206 μετά
459 3155 493 3209 γε
507 3127 586 3191 θεοῦς
599 3127 784 3205 ἀνωσάμενοι·
806 3126 871 3186 οῦδέ
888 3133 983 3202 σφεας

178 3217 336 3295 χρηστήρια
350 3216 463 3294 φοβερά
477 3215 596 3276 ἐλθόντα
610 3221 639 3274 ἐκ
654 3221 784 3292 Δελφῶν,
801 3216 845 3273 καὶ
859 3221 886 3278 ἐς
900 3214 983 3290 δεῖμα

180 3305 317 3379 βαλόντα,
333 3306 426 3364 ἔπεισε
446 3309 569 3362 ἐκλιπεῖν
586 3302 637 3372 τήν
649 3303 786 3362 Ἐλλάδα·
807 3301 885 3362 άλλά
899 3329 982 3362 κατα·
