2282 3550
122 153 171 200 266
432 149 614 200 ἨΡΟΔΟΤΟΤ
832 147 923 212 [VIII.

123 229 258 309 στρατιήν
279 229 393 306 διέκρινε
417 230 463 288 καί
486 230 592 306 Ξέρξης
611 229 645 306 ἧν
665 229 729 308 περὶ
749 228 926 304 Θεσσαλίην,

122 319 295 398 χρηστήριον
316 318 450 393 ἐληλύθεε
474 323 504 376 ἐκ
526 323 649 394 Δελφῶν
670 318 925 395 Λακεδαιμονίοισι,

123 407 229 484 Ξέρξεα
249 408 348 466 αἰτέειν
371 405 448 469 δίκας
471 411 521 465 τοῦ
542 407 682 466 Λεωνίδεω
703 407 799 482 φόνου,
822 407 868 466 καὶ
891 409 927 468 τὸ

124 495 266 573 διδόμενον
280 495 313 564 ἔξ
324 499 427 555 ε’κεῖνου
446 495 585 554 δέκεσθαι·
605 495 749 572 πέμπουσι
767 495 801 570 δὴ
820 495 927 573 κήρυκα

124 583 176 657 τὴν
185 584 324 664 ταχίστην
334 586 518 661 Σπαρτιῆται·
530 582 561 647 ὃς
569 584 662 658 ἐπειδὴ
673 585 813 660 κατέλαβε
823 589 928 644 ἐοῦσαν

125 673 165 732 ἔτι
178 677 275 734 πᾶσαν
287 673 340 749 τὴν
353 672 488 750 στρατιήν
503 677 531 732 ἐν
545 674 702 752 Θεσσαλίῃ,
717 671 807 733 ε’λθῶν
820 677 847 736 ἔς
860 671 929 752 ὄψιν

123 760 175 836 τὴν
193 762 302 838 Ξέρξεω
321 763 400 842 ἔλεγε
417 760 492 820 τάδε·
514 759 561 818 “αἰ
574 762 699 836 βασιλεῦ
712 761 825 836 Μήδων,
838 768 927 822 Λακε-

126 849 265 926 δαιμόνιοί
282 851 315 910 τέ
334 875 370 909 σε
390 849 436 908 καὶ
449 848 640 926 ,Ἡρακλεῖδαι
664 853 691 908 οἱ
714 848 770 908 άπὸ
796 848 929 927 Σπάρτης

127 941 250 1000 αἰτέουσι
267 939 358 1014 φόνου
376 939 459 1011 δίκας,
475 937 522 998 ὅτι.
532 938 628 1014 σφέων
646 937 697 997 τόν
714 939 842 1013 βασιλέα
860 937 918 997 άπέ

126 1051 232 1090 κτεινας
245 1026 380 1105 ῥυόμενον
390 1026 443 1102 τήν
452 1025 605 1084 Ἐλλάδα·”
625 1024 641 1085 ό
655 1025 684 1084 δὲ
693 1025 820 1106 γελάσας
832 1051 863 1084 τε
882 1029 929 1084 καὶ

127 1116 278 1194 κατασχόν
287 1115 398 1176 πολλόν
407 1113 517 1194 χρόνον,
533 1113 569 1176 ὦς
580 1117 609 1172 οἱ
620 1113 756 1194 ἐτύγχανε
769 1113 929 1190 παρεστεὼς
968 1170 973 1178 ,

127 1204 293 1281 Μαρδόνιος,
315 1203 419 1266 δεικνύς
445 1208 473 1266 ἐς
496 1207 595 1262 τοῦτον
620 1202 689 1260 εἶπε·
719 1201 844 1282 “τοιγάρ
868 1209 929 1279 σφι

127 1291 286 1369 Μαρδόνιος
306 1292 353 1353 ὅδε
373 1293 449 1355 δίκας
469 1291 553 1351 δόσει
570 1289 699 1353 τοιαύτας
719 1289 779 1352 οἵας
798 1291 929 1351 ε’κείνοισι
961 1343 965 1352 ,

127 1380 251 1455 πρέπει·”
272 1380 288 1442 ὁ
301 1383 353 1458 μὲν
363 1380 397 1457 δὴ
408 1379 554 1456 δεξάμενος
567 1379 600 1438 τό
613 1379 697 1454 ῥηθέν
711 1376 928 1440 ἀπαλλάσσετο·

81 1469 136 1526 115
147 1470 252 1546 Ξέρξης
260 1470 290 1528 δὲ
301 1469 460 1546 Μαρδόνιον
469 1475 497 1528 ε’ν
506 1469 654 1546 Θεσσαλίῃ
666 1466 833 1541 καταλιπων,
847 1467 930 1532 οὗτός

128 1556 274 1632 ἐπορεύετο
299 1557 369 1617 κατά
396 1557 483 1638 τάχος
505 1563 532 1620 ἐς
555 1556 604 1616 τόν
625 1555 851 1632 Ἑλλήσποντον·
883 1559 931 1616 καὶ

127 1642 285 1705 ἀπικνέεται
302 1651 330 1710 ε’ς
345 1645 395 1706 τόν
412 1646 500 1724 πόρον
515 1648 566 1721 τῆς
582 1643 732 1720 διαβάσιος
746 1649 775 1704 ε’ν
787 1646 869 1704 πέντε
883 1646 931 1703 καὶ

126 1733 335 1811 τεσσεράκοντα
353 1735 483 1815 ἡμέρῃσι,
503 1733 618 1816 ἀπάγων
635 1735 686 1808 τῆς
705 1737 838 1811 στρατιῆς
851 1732 931 1794 οὐδὲν

127 1824 219 1899 μέρος,
234 1823 270 1887 ὦς
284 1828 378 1884 εἰπεῖν.
419 1823 486 1884 ὅκου
499 1824 529 1883 δὲ
542 1822 724 1900 πορευόμενοι
737 1823 868 1903 γινοίατο,
884 1822 931 1881 καὶ

129 1911 187 1970 κατ’
202 1911 331 1976 οὕστινας
347 1911 517 1990 ἀνθρώπους,
531 1911 581 1972 τόν
595 1909 699 1970 τούτων
719 1909 825 1986 καρπόν
843 1909 930 1987 ἁρπά-

128 1999 221 2070 ζοντες
239 2002 389 2062 ε’σιτέοντο·
411 2005 435 2061 εἲ
448 2001 478 2060 δὲ
492 1999 600 2078 καρπόν
615 2000 720 2076 μηδένα
735 1997 847 2076 εὕροιεν,
862 1999 932 2058 οἶδὲ

128 2087 179 2163 τήν
193 2091 276 2166 ποίην
288 2090 340 2166 τὴν
353 2094 383 2148 έκ
396 2093 446 2166 τῆς
458 2093 511 2170 γῆς
524 2088 720 2166 ἀναφυομένην
739 2087 784 2146 καὶ
801 2090 857 2146 τῶν
875 2087 931 2144 δεν-

129 2175 213 2251 δρέων
226 2177 276 2238 τόν
290 2178 393 2252 φλοιόν
408 2179 613 2255 περιλέποντες,
628 2176 674 2235 καὶ
687 2175 723 2258 τά
737 2174 836 2251 φύλλα
850 2200 932 2233 κατα4

129 2263 274 2340 δρέποντες
293 2265 454 2340 κατήσθιον,
470 2265 571 2342 ὁμοίως
584 2268 639 2325 τῶν
651 2289 683 2324 τε
696 2263 804 2340 ἡμέρων
818 2263 931 2324 καὶτῶν

119 2345 242 2432 ’ἀγρίων
271 2353 317 2411 καὶ
339 2354 450 2412 ἔλειπον
471 2353 559 2413 οὐδέν·
588 2357 678 2412 ταῦτα
700 2351 722 2410 δ’
745 2352 854 2410 ε’ποίευν
876 2349 932 2412 im}

132 2442 227 2516 λιμοῦ·
256 2441 401 2517 ἐπιλαβόν
428 2442 458 2500 δὲ
485 2441 584 2518 λοιμός
610 2467 641 2500 τε
667 2440 717 2500 τόν
733 2439 863 2515 ,στρατόν
886 2439 934 2498 καὶ

131 2527 298 2606 δυσεντερίη,
315 2529 373 2589 κατ’
387 2529 453 2590 ὁδόν
472 2530 620 2606 διέφθειρε·
641 2527 707 2592 τούς
721 2527 809 2587 δὲκαὶ
823 2527 935 2586 νοσέον·

130 2641 180 2680 τας
201 2615 290 2677 αὐτῶν
314 2618 455 2689 κατέλιπε,
478 2617 638 2677 ἐπιτάσσων
663 2621 732 2696 τῇσι
757 2614 866 2685 πόλισι,
889 2615 936 2674 ἵνα

133 2703 266 2765 ἑκάστοτε
276 2705 382 2787 γίνοιτο
393 2705 521 2780 ε’λαύνων,
533 2705 706 2782 μελεδαίνειν
715 2730 746 2765 τε
755 2703 801 2764 καὶ
811 2699 941 2780 τρέφειν(

133 2796 162 2852 ἐν
179 2797 329 2872 Θεσσαλιῃ
342 2794 374 2852 τέ
385 2819 468 2863 τινας,
485 2795 530 2852 καὶ
544 2799 573 2854 ε’ν
587 2794 650 2870 Σίρι
663 2797 712 2869 τῆς
730 2793 873 2867 Παιονίης,
889 2793 937 2850 καὶ

133 2885 162 2939 ἐν
175 2881 344 2960 Μακεδονίῃ·
363 2883 427 2942 ἔνθα
442 2882 487 2940 καὶ
499 2881 532 2941 τό
548 2881 607 2958 ἱρδν
620 2881 696 2958 ἅρμα
710 2881 872 2940 καταλιπων
885 2885 938 2940 τοῦ

134 2968 210 3038 Διός,
228 2967 274 3028 ὅτε
293 2970 339 3028 ε’πὶ
354 2969 405 3045 τὴν
419 2969 545 3028 Ἐλλάδα
561 2969 673 3044 ἤλαυνε,
693 2969 783 3030 άπιών
802 2969 852 3028 οὐκ
871 2968 938 3028 ἀπέ-

133 3056 219 3130 λαβε·
243 3056 320 3115 α’λλοὶ
337 3057 429 3120 δόντες
446 3060 473 3116 οἱ
494 3059 613 3120 Παίονες
633 3062 711 3117 τοῖσι
731 3057 838 3134 Θρήϊξι,
856 3056 937 3116 άπαι-

133 3144 243 3206 τέοντος
257 3145 372 3221 Ξέρξεω,
388 3146 498 3219 ἔφασαν
514 3145 666 3223 νεμομένας
685 3145 866 3225 άρπαχθῆναι
883 3143 939 3204 ὑπό

133 3233 188 3286 τῶν
206 3229 261 3289 ἅνω
280 3233 405 3307 Θρηίκων
419 3237 474 3291 τῶν
492 3233 555 3309 περὶ
568 3233 619 3297 τάς
632 3235 724 3315 πηγὰς
741 3238 792 3295 τοῦ
810 3221 941 3312 Στρυμό-

89 3315 145 3372 116
156 3342 201 3377 νος
218 3320 375 3392 οἰκημένων.
413 3318 503 3380 Ἔνθα
518 3321 563 3380 καὶ
577 3321 593 3382 ὅ
606 3328 660 3382 τῶν
675 3326 839 3384 Βισαλτέων
854 3326 942 3400 βασι·
