2282 3550
168 167 214 212 τοι
467 156 649 206 ἭΡοΔοοοτ
717 145 721 152 ’
877 157 970 220 [νιιι.
1033 201 1035 204 ,

172 241 372 317 ἀπονοστήσει·
394 238 466 299 οὕτω
487 233 608 298 άσθενέᾶ
626 239 684 313 σφι
704 238 834 312 ἐφαίνετο
851 235 920 296 εἶναι
937 237 986 299 τά.

169 333 224 389 τῶν
240 327 385 403 Ἑλλήνων
404 327 566 408 πρήγματα·
587 325 684 386 ὅσοισι
702 323 731 383 δὲ
750 325 795 382 καὶ
811 323 974 401 ἡδομένοισι

169 416 204 491 ἣν
230 416 263 477 τά
290 415 443 497 γινόμενον,
472 413 597 492 ἅμιλλαν
627 417 769 472 ἐποιεῦντο
796 411 865 474 ὅκως
891 413 975 480 οὗτός

171 505 286 566 ἕκαστος
307 509 415 579 πρῶτος
431 503 480 563 νέα
499 501 629 574 Ἀττικήν
645 500 716 560 έλών
736 499 813 578 παρά
834 503 975 577 βασιλέος

170 593 243 668 δῶρα
263 590 415 668 λάμψεται·
451 589 604 666 Ἀθηναίων
624 588 678 671 γάρ
700 588 811 648 αὐτοῖσι
831 589 918 670 λόγος
938 589 975 666 ἦν

123 683 157 738 ll
170 685 305 742 πλεῖστος
318 677 371 738 άνά
384 679 419 738 τά
433 678 619 754 στρατόπεδα.
661 681 744 736 Τοῖσι
758 676 787 734 δὲ
796 675 924 752 Ἕλλησι
938 679 975 742 ὥς

170 767 300 847 ἐσήμηνε,
319 771 416 844 πρῶτα
435 769 495 842 μὲν,
515 765 682 843 ἀντίπρωροι
699 769 776 824 τοῖσι
792 764 974 842 βαρβάροισι

168 856 311 936 γενόμενοι
339 861 366 917 ές
392 854 424 914 τό
452 855 542 931 μέσον
568 853 619 916 τοὶς
647 853 772 928 πρύμνας
799 852 985 934 συνήγαγον,

169 944 280 1022 δεύτερα
294 944 324 1002 δὲ
342 941 527 1021 σημήναντος,
542 943 623 1022 ἔργου
645 942 761 1020 εἴχοντο,
776 945 805 999 ἔν
818 939 905 1021 ὀλίγῳ
918 969 972 1020 περ

168 1031 402 1110 ἀπολαμφθέντες
412 1031 457 1088 καὶ
468 1030 537 1089 κατά
552 1029 655 1106 στόμα.
691 1031 810 1088 ἐνθαῦτα
823 1028 973 1106 τριήκοντα

170 1121 230 1183 νέας
251 1121 375 1198 αἱρέουσι
403 1123 458 1178 τῶν
476 1117 632 1194 βαρβάρων
655 1117 700 1176 καὶ
720 1117 770 1176 τόν
791 1117 900 1198 Γόργου
919 1123 971 1178 τοῦ

168 1209 345 1285 Σαλαμινίων
363 1207 502 1284 βασιλέος
522 1205 669 1282 α’δελφεόν,
686 1205 811 1264 Φιλάονα
828 1205 879 1266 τόν
898 1207 971 1282 Χέρ-

169 1322 239 1366 σιος,
272 1296 391 1376 λόγιμον
426 1294 506 1354 ε’όντα
541 1299 570 1352 ἐν
602 1299 640 1372 τῷ
667 1293 847 1372 στρατοπέδῳ
874 1293 967 1370 ἄνδρα

168 1388 276 1460 πρῶτος
297 1385 326 1442 δὲ
349 1382 493 1458 Ἑλλήνων
514 1382 563 1442 νέα
582 1385 637 1441 τῶν
655 1382 796 1456 πολεμίων
821 1382 878 1441 εἷλε
897 1381 970 1460 άνήρ

167 1469 313 1546 Ἀθηναῖος
339 1469 504 1546 Λυκομήδης
528 1469 677 1547 Αίσχρέου,
703 1469 749 1526 καὶ
769 1469 802 1528 τό
823 1469 970 1546 οἷρισπήῖον

169 1561 257 1634 ἔλαβε
270 1557 359 1620 οὗτος.
400 1559 465 1620 τούς
479 1557 501 1614 δ’
516 1563 545 1616 έν
557 1561 593 1635 τῇ
603 1557 744 1636 ναυμαχίῃ
757 1557 843 1634 ταέτῃ
857 1561 969 1634 ἑτεραλ-

168 1648 233 1710 κέως
251 1646 466 1727 ἀγωνιζομένους
484 1645 534 1714 νιλξ
555 1646 715 1704 ἐπελθοῦσα
728 1645 849 1704 διέλυσε·
872 1648 898 1704 οἱ
915 1650 969 1722 μέν

167 1734 201 1810 δή
217 1734 358 1810 Ἕλληνες
378 1735 423 1792 ε’πὶ
442 1733 476 1792 τό
501 1732 680 1810 Ἀρτεμίσιον
705 1732 862 1802 ἀπέπλωον,
891 1738 917 1794 οἱ
938 1735 969 1796 δὲ

165 1823 311 1902 βάρβαροι
325 1828 352 1886 ές
365 1822 415 1886 τάς
427 1822 549 1897 Ἀφέτας
562 1821 672 1880 πολλόν
686 1821 763 1897 παρά
777 1820 860 1890 δόξαν
870 1821 969 1903 άγωνι-

166 1911 293 1988 σάμενοι.
328 1910 498 1988 ε’νταόηητῇ
512 1907 823 1990 νουμαχίῃῗΑντίδωρος
833 1910 967 1985 Λήμνιος,
1016 1935 1019 1939 ·

165 2004 267 2076 μοῦνος
279 2004 333 2060 τῶν
344 1999 397 2058 σόν
404 1999 525 2074 βασιλέϊ
531 1997 675 2071 Ἑλλήνων
687 1995 793 2065 ἐόντων,
802 1995 969 2072 αὐτομολέει

166 2093 195 2150 ές
219 2088 283 2151 τούς
298 2087 451 2162 Ἕλληνας·
487 2086 532 2143 καὶ
554 2088 581 2144 οἱ
600 2083 744 2159 Ἀθηναῖοι
765 2083 809 2142 διά
829 2089 912 2144 τοῦτο
933 2087 967 2147 τό

166 2177 246 2256 ἔργον
260 2176 360 2234 ἔδοσαν
373 2173 446 2252 αὐτῷ
458 2177 549 2252 χῶρον
563 2177 592 2231 ἐν
607 2172 757 2247 Σαλαμῖνι.

122 2265 156 2320 12
206 2262 254 2326 Ὡς
272 2263 301 2321 δὲ
320 2261 442 2339 εὐφρόνη
460 2261 591 2342 ἐγεγόνεε,
606 2259 641 2335 ἦν
653 2262 705 2336 μὲν
721 2263 771 2334 τῆς
789 2259 859 2335 ὥρης
875 2262 968 2337 μέσον

165 2351 252 2426 θέρος,
274 2351 378 2430 ε’γίνετο
399 2349 428 2406 δὲ
449 2347 519 2424 ὕδωρ
540 2375 570 2408 τε
591 2345 713 2406 ἄπλετον
734 2346 780 2405 διά
801 2347 895 2424 πάσης
915 2355 967 2426 τῆς

164 2439 260 2501 νυκτός
279 2438 324 2496 καὶ
343 2437 465 2512 σκληραὶ
478 2437 597 2512 βρονταὶ
613 2434 669 2494 α”πὸ
688 2439 738 2494 τοῦ
753 2436 873 2510 Πηλίου·
896 2441 923 2496 οἱ
936 2439 967 2498 δὲ

164 2526 255 2604 νεκροὶ
272 2525 317 2583 καὶ
334 2524 369 2584 τά
387 2523 503 2603 ναυήγια
522 2523 702 2599 ἐξεφορέοντο
722 2527 749 2584 ές
767 2522 817 2584 τοὶς
834 2523 965 2600 Ἀφέτας,

164 2615 210 2672 καὶ
236 2615 302 2691 περί
325 2639 356 2672 τε
382 2613 431 2675 τάς
457 2610 568 2688 πρίόρας
595 2615 649 2670 τῶν
673 2615 740 2669 νεῶν
767 2612 890 2671 εἱλέοντο
918 2615 967 2674 καὶ

164 2702 322 2780 ἐτάρασσον
337 2701 401 2764 τοῦς
418 2699 540 2776 ταρσοὺς
555 2703 609 2758 τῶν
623 2699 743 2756 κωπέων.
786 2701 813 2757 οἱ
831 2699 860 2758 δὲ
879 2726 966 2778 στρα-

162 2795 257 2850 τιῶται
278 2793 304 2849 οί
324 2790 410 2868 ταύτῃ
438 2787 583 2848 άκοόοντες
609 2791 697 2844 τοῦτο
718 2790 745 2848 ές
767 2786 862 2862 φόβον
889 2815 965 2850 κατι-

163 2880 274 2947 στέατο,
294 2877 451 2948 ἐλπίζοντες
468 2874 565 2955 πάγχυ
583 2874 764 2943 ἀπολέεσθαι,
784 2879 812 2936 ές
829 2875 874 2934 οἶα
893 2879 966 2939 κακά

160 2963 239 3041 ἧκον·
259 2965 325 3042 πρὶν
343 2965 398 3045 γάρ
414 2963 432 3040 ἢ
454 2963 500 3021 καὶ
519 2961 694 3021 άναπνεῦσαί
710 2967 802 3036 σφεας
820 2964 849 3020 έκ
869 2989 900 3023 τε
913 2971 965 3042 τῆς

162 3053 293 3132 ναυηγίης
320 3053 366 3110 καὶ
396 3055 446 3110 τοῦ
471 3055 606 3128 χειμῶνος
635 3053 685 3108 τοῦ
716 3051 866 3129 γενομένου
893 3055 965 3114 κατά

162 3140 281 3213 Πήλιον,
309 3137 437 3213 ὑπέλαβε
464 3138 603 3214 ναυμαχίη
631 3137 758 3213 καρτερή·
801 3143 831 3196 ἐκ
859 3139 888 3198 δὲ
913 3147 965 3216 τῆς

161 3225 322 3302 ναυμαχίης,
338 3223 447 3299 ὄμβρος
467 3249 498 3282 τε
518 3223 628 3300 λάβρος
649 3225 695 3282 καὶ
714 3224 838 3302 ῥεύματα
860 3230 965 3307 ίσχυριὶ

162 3315 189 3372 ἐς
209 3311 360 3370 θάλασσαν
381 3311 537 3386 ὁρμημένα,
551 3312 673 3387 βρονταί
690 3337 722 3372 τε
741 3314 874 3392 σκληραί.
916 3318 965 3378 καὶ
