2276 3554
108 157 111 164 ¹
171 104 280 168 26-30]
487 105 671 155 ΠΟΛὙΜΝῙΑ.
923 107 970 155 135

170 211 215 244 τοι
241 185 375 262 ἀτρεκέως
401 188 551 255 καταλέξω·
580 189 641 246 ἐπεί
661 189 696 246 τε·
715 185 771 268 γάρ
792 185 915 265 τάχιστά
936 210 972 246 σε

170 273 314 350 ἐπυθόμην
332 274 378 332 ἐπὶ
400 274 552 334 θάλασσαν
573 276 780 350 καταβαίνοντα
800 273 852 350 τήν
868 274 971 350 Ἑλλη-

169 361 240 430 νῶα,
261 360 437 438 βουλόμενός
455 388 498 420 τοι
519 362 615 422 δοῦναι
638 366 666 426 ἐς
686 361 736 422 τόν
757 361 883 438 πόλεμον
903 361 971 441 χρή-

167 474 254 524 ματα,
277 449 419 526 ἐξέμαθον,
446 451 494 520 καὶ,
518 447 598 526 εὗρον
625 449 812 530 λογιζόμενος,
838 449 970 529 ἀργυρίου

167 538 221 611 μὲν
234 536 284 595 δύο
297 537 425 615 χιλιάδας
446 536 546 600 ἐούσας
565 563 615 614 μοι
635 537 786 610 ταλάντων,
802 538 921 615 χρυσίου
941 537 971 596 δέ

167 629 352 700 τετρακοσίας
371 625 506 701 μυριάδας
525 625 671 702 στατήρων
685 628 835 701 Δαρεικῶν,
851 623 971 684 ἐπιδεού-

167 737 224 774 σας
238 711 307 770 ἐπτά
320 712 477 791 χιλιαδέων.
509 714 555 771 καὶ
567 712 697 772 τούτοισί
708 738 743 771 σε
758 713 811 793 ἐγώ
825 712 969 788 δωρέομαι·

167 799 242 878 αὐτῷ
259 799 283 858 δ’
297 800 359 875 ἐμοὶ
377 799 433 860 ἀπό
449 799 629 878 ἀνδραπόδων
646 827 677 860 τε
696 801 743 859 καὶ
755 800 910 880 γεωπεδίων
924 800 971 876 ἀρ-

167 886 238 946 κέων
259 889 321 946 ἐστὶ
342 885 432 964 βίος.”
472 887 507 948 ‘0
529 890 580 964 μὲν
600 892 689 947 ταῦτα
710 889 798 968 ἔλεγε·
820 888 925 963 Ξέρξης
941 888 1017 948 δέδῦ

166 972 267 1047 ἡσθεὶς
288 979 364 1034 τοῖσι
387 976 565 1052 εἰρημένοισι,
587 975 659 1034 εἶπε·
688 975 785 1044 ’(ξεῖνε
809 975 891 1044 Λυδὲ,
916 975 970 1056 ἐγῶ

167 1064 231 1121 ἐπεί
248 1089 280 1122 τε
301 1064 421 1138 ἐξῆλθον
441 1063 493 1138 τήν
510 1063 638 1139 Περσιδα
658 1064 759 1142 χώρην,
781 1063 871 1122 οῦδενὶ
892 1062 970 1141 ἀνδρὶ

166 1153 304 1227 συνέμιξα
322 1156 350 1214 ἐς
372 1152 443 1224 τοδε,
467 1151 545 1214 ὅστις
567 1150 695 1227 η’θέλησε
719 1152 805 1220 ξείνια
826 1153 969 1227 προθεῖναι

166 1243 280 1318 στρατῷ
295 1244 333 1319 τῷ
351 1244 414 1318 ἐμῷ,
430 1237 492 1298 οῦδὲ
512 1238 591 1302 ὅστις
612 1243 639 1302 ἐς
659 1239 725 1317 ὄψιν
737 1239 789 1314 τήν
802 1239 873 1315 ,ἐμήν
887 1266 968 1300 κατα-

166 1328 239 1390 στάς
259 1327 484 1408 αὐτεπάγγελτος
503 1332 530 1390 ἐς
548 1327 598 1386 τόν
616 1327 742 1403 πόλεμον
764 1328 826 1404 ἐμοὶ
844 1327 969 1404 ἠθέλησε

166 1416 372 1492 συμβαλέσθαι
385 1414 523 1494 χρήματα,
535 1416 584 1484 ἔξω
598 1418 659 1473 σεῦ·
680 1414 718 1473 οῦ
732 1415 761 1474 δέ
776 1416 821 1474 καὶ
835 1416 968 1484 ἐξείνισας

164 1502 296 1584 μεγάλως
320 1503 442 1580 στρατόν
462 1503 512 1562 τόν
534 1503 609 1582 ἐμόν,
632 1503 678 1561 καὶ
701 1501 833 1581 χρήματα
856 1502 968 1584 μεγάλα

165 1594 366 1672 ἐπαγγέλλεαι.
407 1591 456 1649 σοὶ
470 1589 507 1650 ὧν
520 1589 574 1671 ἐγῶ
588 1589 649 1650 ἀντὶ
666 1589 755 1650 αῦτῶν
775 1591 857 1673 γέρεα
875 1591 967 1651 τοιάδε

165 1678 273 1755 διδωμι·
296 1679 384 1749 ξεῖνόν
401 1680 434 1739 τέ
445 1704 480 1737 σε
492 1683 623 1754 ποιεῦμαι
637 1677 703 1754 ἐμόν
718 1679 763 1736 καὶ
775 1678 826 1742 τάς
838 1703 966 1754 τετρακο-

165 1768 232 1829 σίας
252 1766 386 1844 μυριάδας
407 1791 451 1825 τοι
474 1770 528 1826 τῶν
552 1765 698 1842 στατήρων
721 1765 881 1841 ἀποπλήσω
902 1765 967 1844 παρ’

165 1859 312 1931 ἐμεωυτοῦ,
327 1855 390 1918 δοῦς
407 1853 456 1918 τάς
474 1852 544 1913 ἐπτά
562 1853 700 1930 χιλιάδας·
723 1854 767 1913 ἵνα
785 1853 826 1931 μή
845 1880 889 1914 τοι
910 1859 967 1914 ἐπι-

164 1943 240 2006 δεέες
255 1943 321 2002 ἐωσι
336 1947 366 2002 οῖ
383 1941 561 2020 τετρακόσιαι
577 1941 706 2018 μυριάδες
724 1941 793 2001 ἑπτά
809 1943 964 2021 χιλιαδέων,

165 2029 233 2088 ἀλλ’
247 2029 265 2110 ᾖ
279 2058 324 2091 τοι
344 2030 532 2110 ἀπαρτιλογίη
550 2028 596 2088 ῦπ’
611 2030 675 2105 ἐμέο
689 2031 902 2106 πεπληρωμένη·
924 2032 966 2089 κέ-

165 2118 258 2194 κτησό
270 2145 301 2178 τε
314 2117 396 2182 αύτῦς
415 2116 451 2178 τά
471 2143 524 2194 περ
542 2116 624 2180 αὐτὸς
638 2117 767 2192 ἐκτήσαο,
783 2118 923 2178 ἐπίστασό
936 2147 966 2180 τε

165 2206 238 2265 εἶναι
253 2208 305 2266 αιέὶ
324 2211 459 2270 τοιοῦτος·
481 2205 513 2266 ού
533 2205 588 2286 γάρ
608 2232 653 2265 τοι
665 2210 753 2265 ταῦτα
765 2209 889 2266 ποιεῦντι
903 2205 965 2268 οῦτε

165 2300 194 2357 ἐς
205 2294 239 2354 τό
253 2295 356 2372 παρεόν
370 2294 433 2354 ούτε
447 2299 474 2357 ἐς
486 2293 588 2372 χρόνον
601 2293 818 2371 μεταμελήσει.”

205 2387 300 2442 Ταῦτα
320 2383 349 2442 δέ
370 2382 449 2446 εἶπας
469 2383 514 2442 καὶ
535 2384 663 2442 ἐπιτελέα
676 2382 805 2458 ποιήσας,
820 2383 965 2460 ἐπορεύετο
974 2388 1013 2446 30

163 2471 219 2529 αἰεὶ
232 2469 265 2530 τῦ
279 2470 387 2547 πρόσω.
424 2468 533 2530 Ἀναυα
546 2470 576 2530 δὲ
590 2470 761 2546 καλεομένην
779 2474 895 2551 Φρυγῶν
916 2471 965 2532 πό-

87 2591 91 2596 ·
163 2562 213 2618 λιν
232 2558 483 2636 παραμειβόμενος,
499 2558 545 2616 καὶ
560 2558 662 2634 λίμνην
676 2563 706 2616 ἐκ
723 2561 773 2633 τῆς
789 2557 856 2622 ἅλες
875 2563 965 2639 γίνον-

162 2672 219 2716 ται,
233 2646 348 2706 ἀπίκετο
364 2651 391 2708 ἐς
405 2644 569 2714 Κολοσσάς,
590 2645 675 2705 πόλιν
695 2645 822 2726 μεγάλην
836 2647 964 2726 Φρυγίης,

165 2739 196 2794 ἐν
207 2738 244 2814 τῇ
253 2733 344 2797 Λύκος
354 2733 480 2810 ποταμός
490 2738 517 2796 ἐς
530 2732 631 2812 χάσμα
644 2738 696 2814 γῆς
710 2733 863 2809 ἐσβάλλων
876 2733 964 2810 ἀφαν·

164 2823 260 2892 ίζεται,
274 2824 369 2882 ἔπειτα
383 2822 427 2881 διά
441 2821 560 2881 σταδίων
575 2821 609 2884 ῶς
620 2824 701 2880 πέντε
711 2821 840 2897 μάλιστά
854 2849 888 2898 κη
902 2821 965 2882 άνα-

163 2909 334 2985 φαινόμενος
349 2909 451 2969 ἐκδιδοῖ
466 2909 512 2968 καὶ
525 2906 605 2971 οὗτος
619 2914 646 2972 ἐς
658 2908 707 2968 τόν
721 2911 892 2987 Μαίανδρον.
934 2916 964 2970 ἐκ

162 2998 195 3057 δέ
203 2999 380 3057 Κολοσσέων
393 2996 591 3075 ὁρμειῦμενοςῦ
606 2997 726 3073 στρατός
737 2997 782 3054 ἐπὶ
794 2999 858 3060 τοῦς
869 2997 966 3073 οῦρους

161 3091 219 3147 τῶν
239 3089 356 3167 Φριιγῶν
378 3087 424 3144 καὶ
444 3090 499 3144 τῶν
520 3084 625 3151 Λυδῶν,
647 3083 762 3140 ἀπίκετο
784 3088 811 3143 ἐς
833 3083 965 3154 Κύδραρα

160 3174 258 3236 πόλιν·
281 3174 347 3234 ἔνθα
360 3173 455 3248 στήλη
469 3172 688 3246 καταπεπηγυῖα,
702 3167 841 3222 σταθεῖσα
862 3165 890 3219 δέ
911 3163 965 3218 ῦπῦ

161 3263 303 3338 Κροίσου,
326 3257 494 3336 καταμηνύει
516 3254 562 3314 διά
583 3248 753 3331 γραμμάτων
776 3245 840 3304 τοῦς
861 3243 966 3315 οὔρους.

1068 3355 1115 3472 1
