2258 3568
549 25 595 96 ὁ.

166 140 197 188 10
471 141 653 190 Ἤνοιοτοτ
915 139 959 208 [ο.

164 218 264 295 ὅμιλός
278 243 309 278 τε
324 218 435 282 πολλάς
451 221 503 294 μέν
511 218 622 294 Ἕλλην
638 221 784 296 περιοικέει
799 221 910 284 πολλάς
931 223 961 282 δὲ

162 305 320 383 βάρβαρος,
342 305 368 365 οἳ
388 306 551 383 προστάτεω
573 307 783 384 ἐπιλαβόμενοι,
805 310 960 386 ποιήσουσι

162 399 246 454 τοῦτο
263 395 296 455 τά
311 393 344 454 ἂν
359 399 446 458 κεῖνος
460 395 605 476 ἐξηγέηται
619 397 665 454 καὶ
677 396 782 474 ἡμέρης
796 400 841 458 καὶ
855 399 960 464 νυκτάς·

162 482 200 542 σά
212 509 260 543 νυν
273 487 372 543 τοῦτον
384 482 435 543 τάν
444 481 531 559 ἄνδρα
539 487 650 544 παῦσον
662 489 750 544 ταῦτα
762 491 902 558 ποιεῦντα,
918 489 961 548 ἴνα

160 570 201 647 μή
218 573 311 650 οἰκηίῳ
330 572 445 651 πολέμῳ
465 572 611 650 συνέχηαι·
633 572 727 653 τρόπῳ
743 574 772 632 δέ
790 573 863 654 η’πίῳ
878 602 961 652 μετα·
1017 571 1020 578 ’

160 660 341 738 πεμψάμενος
371 664 491 720 παῦσον·
521 660 605 720 ἐπεάν
628 661 659 720 δὲ
679 660 762 722 αθτδν
793 663 960 744 περιλάβῃς,

160 750 263 807 ποιέειν
284 748 353 812 ὅκως
373 749 472 825 μηκέτι
494 753 581 812 κεῖνος
599 754 626 812 ἐς
641 749 787 826 Ἕλληνας
807 749 960 820 άπίξεται.”

112 838 151 895 24
160 841 254 895 Ταῦτα
267 838 357 919 λέγων
370 835 386 896 ὁ
401 837 573 916 Μεγάβαζος
584 836 716 901 εὐπετέως
730 839 821 898 ἔπειθε
832 843 960 917 Δαρεῖον,

160 924 195 987 ὦς
219 924 248 984 εὖ
275 926 415 1002 προορέων
441 925 474 984 τά
500 926 608 1001 μέλλον
635 927 771 1007 γίνεσθαι
821 927 893 1005 μετά
921 929 958 999 δὲ,

160 1011 282 1094 ἄγγελον
300 1013 413 1092 πέμψας
430 1012 445 1072 ά
464 1018 582 1092 Δαρεῖος
600 1019 627 1077 ἐς
646 1014 697 1090 τήν
718 1014 861 1093 Μύρκινον
881 1017 960 1098 ἔλεγε

158 1102 233 1162 τάδε·
258 1113 275 1138 “
283 1102 406 1176 Ἱστιαῖε,
426 1102 565 1179 βασιλεδς
584 1107 702 1180 Δαρεῖος
715 1103 780 1163 τάδε
794 1105 880 1186 λέγει·
906 1106 961 1186 ἐγῶ

159 1193 313 1266 φροντίζων
321 1190 439 1269 εθρίσκω
450 1193 515 1268 ἐμοί
522 1219 553 1252 τε
564 1193 609 1251 καὶ
619 1197 695 1253 τοῖσι
706 1197 801 1270 ἐμοῖσι
810 1191 960 1275 πρήγμασι

158 1279 256 1338 οὐδένα
276 1280 345 1339 εἶναι
365 1283 417 1339 σεῦ
437 1279 522 1357 ἄνδρα
543 1280 730 1358 εὐνοέστερον·
760 1285 844 1341 τοῦτο
871 1283 901 1341 δέ
927 1281 960 1341 οὗ
1051 1354 1053 1360 ,

157 1366 280 1448 λόγοισι,
295 1366 360 1426 ἀλλ’
375 1368 482 1447 ἔργοισι
502 1367 564 1426 οἶδα
576 1369 682 1444 μαθών.
724 1373 772 1429 νῦν
786 1368 831 1439 ὧν,
846 1370 959 1429 ἐπινοέω
1037 1397 1040 1402 ·

156 1454 211 1536 γάρ
224 1457 376 1536 πρήγματα
389 1455 502 1537 μεγάλα
521 1455 759 1536 κατεργάσασθαι,
778 1455 892 1515 α’πικνέο
910 1483 959 1532 μοι

156 1543 274 1614 πάντως,
297 1544 340 1602 ἵνα
360 1542 493 1603 τοιαύτά
514 1541 716 1620 ὑπερθέωμαι·”
739 1542 867 1603 τούτοισι
882 1548 959 1603 τοῖσι

157 1633 237 1692 ἔπεσι
256 1630 411 1694 πιστεύσας
431 1630 447 1691 ὁ
467 1630 608 1700 Ἱστιαῖος,
628 1632 674 1690 καὶ
695 1629 754 1708 ἅμα
773 1632 847 1712 μέγα
867 1632 958 1691 ποιεύ-

156 1745 238 1796 μενος
250 1721 390 1796 βασιλέος
403 1719 571 1796 σύμβουλος
585 1719 725 1799 γενέσθαι,
740 1717 855 1779 α’πίκετο
870 1724 897 1782 ἐς
910 1719 959 1784 τάς

156 1809 266 1886 Σάρδις·
288 1807 445 1887 ἀπικομένῳ
464 1807 496 1866 ’δέ
513 1811 540 1866 οἱ
554 1809 633 1888 ἔλεγε
648 1811 766 1884 Δαρεῖος
778 1807 853 1866 τάδε·
876 1807 958 1866 “Ἱσ-

154 1901 234 1966 τιαῖε,
252 1895 305 1977 ἐγώ
323 1922 357 1955 σε
372 1895 594 1973 μετεπεμψάμην
614 1896 698 1955 τῶνδε
716 1895 825 1954 εἵνεκεν·
850 1896 913 1954 ἐπεί
927 1922 959 1955 τε

156 1984 279 2063 τάχιστα
297 1983 440 2059 ἐνόστησα
458 1982 515 2043 α’πδ
534 1983 661 2046 Σκυθέων
678 1984 723 2041 καὶ
741 1982 779 2042 σά
799 2009 848 2059 μοι
866 1985 958 2064 ἐγένεο

157 2074 189 2144 ἐξ
200 2074 367 2149 ὀφθαλμῶν,
382 2071 460 2132 οὐδέν
474 2099 511 2130 κω
526 2069 601 2130 ἄλλο
614 2075 712 2151 χρῆμα
726 2069 796 2130 οὕτω
810 2076 839 2131 ἐν
852 2073 959 2150 βραχέῖ

155 2161 312 2236 ἐπεζήτησα
327 2159 362 2223 ὥς
375 2162 410 2218 σέ
425 2160 504 2220 ἰδέειν
517 2184 548 2218 τε
562 2160 608 2218 καὶ
622 2164 649 2222 ἐς
662 2158 765 2240 λόγους
778 2185 828 2236 μοι
841 2158 958 2219 άπικέσ-

154 2249 211 2308 θαι·
233 2247 354 2329 ἔγνωκάς
368 2247 411 2307 δτι
425 2247 572 2325 κτημάτων
589 2246 699 2308 πάντων
713 2247 776 2307 ἐστὶ
791 2247 958 2325 τιμιώτατον

153 2336 224 2413 άνήρ
246 2338 339 2412 φίλος·
352 2336 467 2401 συνετός
484 2363 516 2397 τε
535 2337 581 2396 καὶ
598 2334 700 2399 εὔνοος·
724 2335 759 2396 τά
775 2363 819 2397 τοι
837 2337 891 2418 ἐγιδ
912 2339 958 2396 καὶ

153 2425 299 2502 α’μφότερα
318 2425 449 2488 συνειδιδς
466 2426 520 2505 ἐχω
538 2425 700 2502 μαρτυρέειν
714 2429 742 2488 ἐς
755 2425 907 2506 πρήγματα
920 2424 956 2484 τά

154 2513 217 2590 ἐμά.
258 2517 307 2572 νῦν
320 2513 365 2583 ὧν,
380 2512 409 2572 εὗ
423 2513 477 2596 γάρ
493 2514 629 2589 ἐποίησας
643 2512 818 2590 α’πικάμενος,
832 2512 899 2572 τάδε
911 2538 957 2572 τοι

154 2601 207 2683 ἐγω
215 2601 404 2679 προτείνομαι·
422 2603 553 2678 Μίλητον
566 2605 617 2678 μὲν
631 2603 662 2660 ἔα
676 2602 721 2660 καὶ
734 2601 786 2677 τήν
796 2600 957 2662 νεόκτιστον

153 2696 182 2750 ἐν
195 2691 302 2770 Θρηίκη
315 2690 409 2751 πάλιν·
431 2691 469 2751 σύ
483 2691 506 2750 δ’
520 2691 582 2768 ἐμοὶ
601 2690 734 2767 ἑπόμενος
748 2695 775 2753 ἐς
788 2691 895 2759 Σοῦσα,
910 2691 957 2768 ἐχε

154 2778 243 2856 τάπερ
263 2777 298 2838 ἂν
315 2777 368 2860 ἐγω
387 2781 449 2858 ἔχω,
464 2779 529 2856 ἐμάς
547 2805 578 2839 τε
595 2779 733 2841 σύσσιτος
753 2777 804 2838 εἰδν
821 2777 867 2835 καὶ
885 2777 956 2854 σήμ-

105 2869 143 2925 25
154 2865 288 2942 βουλος.”
329 2871 424 2926 Ταῦτα
448 2871 567 2944 Δαρεῖος
588 2867 673 2935 εἶπας,
702 2867 749 2925 καὶ
776 2865 957 2942 καταστήσας

151 2953 343 3031 Ἀρταφέρνεα
361 2954 502 3031 ἀδελφεὰν
521 2957 622 3013 ἑωυτοῦ
641 2953 815 3031 ὁμοπάτριον
829 2952 956 3032 ὕπαρχον

152 3041 222 3103 εἶναι
243 3043 375 3119 Σαρδίων,
397 3043 542 3120 άτήλαυνε
564 3047 591 3106 ἐς
612 3045 718 3113 Σοῦσα,
740 3041 799 3119 ἅμα
819 3041 956 3122 ἀγόμενος

150 3131 286 3192 Ἱστιαῖον
298 3131 418 3194 Ὀτάνεα
437 3133 466 3192 δέ
484 3131 620 3201 άποδέξας
640 3130 800 3213 στρατηγδν
819 3131 956 3204 εἶναιτῶν

152 3222 395 3300 παραθαλασσίων
414 3222 528 3301 ἀνδρῶν·
549 3225 600 3280 τοῦ
618 3219 667 3280 τάν
683 3220 790 3298 πατέρα
810 3219 956 3297 Σισάμνην

151 3309 293 3386 βασιλεδς
310 3309 473 3387 Καμβύσης
490 3308 641 3386 γενόμενον
655 3311 710 3369 τῶν
727 3307 898 3385 βασιληίων,
917 3305 954 3364 δι-
