2282 3550
176 149 224 198 τις
481 150 665 199 ·ιιι>οιοοοι
882 125 976 212 [v1'11.

175 230 306 310 γομένων,
329 228 449 305 ἐλήλυθε
474 229 543 305 α’νήρ
566 229 715 305 Ἀθηναῖος
735 230 882 310 ἀγγέλλων
902 229 980 306 ήκειν

175 317 225 376 τόν
244 317 396 394 βάρβαρον
417 323 444 380 ἐς
465 318 517 394 τήν
537 317 676 394 Ἀττικήν,
699 319 744 376 καὶ
771 321 868 378 πᾶσαν
892 317 980 393 αὐτήν

175 407 395 482 πυρπολέεσθαι.
446 405 463 466 ό
489 405 544 486 γάρ
577 406 622 465 διά
650 409 777 465 Βοιωτῶν
805 403 979 483 τραπόμενος

175 493 297 571 στρατός
312 493 371 570 ἅμα
389 496 487 574 Ξέρξη,
505 493 652 572 ἐμπρήσας
668 495 812 553 Θεσπιέων
828 493 881 569 τήν
894 493 981 553 πόλιν

176 581 264 640 αὐτῶν
295 582 498 642 ἐκλελοιπότων
527 587 555 645 ἐς
589 581 820 658 Πελοπόννησον,
849 581 895 640 καὶ
928 581 981 657 τήν

176 672 342 730 Πλαταιέων
369 669 507 741 ιίσαιίτως,
528 667 581 746 ἧκέ
601 695 632 730 τε
655 675 682 733 ἐς
708 668 758 732 τὰς
784 667 906 743 Ἀθήνας
934 671 981 728 καὶ

175 758 266 818 πάντα
288 763 377 819 ἐκεῖνα
399 759 499 835 ἐδηίου·
527 760 663 835 ἐνέπρησε
684 758 714 816 δέ
734 757 862 816 Θέσπιόν
882 783 912 816 τε
934 758 981 816 καὶ

176 846 326 908 Πλάταιαν
349 846 505 923 πυθόμενος
531 848 665 922 Θηβαίων
692 845 736 905 ὅτι
763 843 813 904 οὐκ
840 845 980 921 ἐμήδιζον.

127 933 247 995 51Ἀπό
271 935 301 994 δὲ
323 939 374 1012 τῆς
400 935 550 1010 διαβάσιος
576 939 627 994 τοῦ
649 933 875 1010 Ἑλλησπόντου,
904 935 981 994 ἐνθεν

175 1023 346 1100 πορεύεσθαι
364 1022 483 1101 ἤρξαντο
500 1026 526 1081 οἱ
543 1023 696 1100 βάρβαροι,
713 1023 760 1080 ἕνα
776 1020 861 1080 αὐτοῦ
879 1021 980 1099 διατρί-

176 1119 278 1190 ψαντες
298 1115 382 1189 μῆνα,
405 1116 434 1172 ἐν
455 1114 493 1190 τῷ
515 1111 656 1186 διέβαινον
678 1116 704 1174 ἐς
724 1109 775 1186 τήν
793 1109 936 1186 Εὐρώπην,
952 1116 982 1170 ἐν

176 1201 253 1277 τρισὶ
271 1202 391 1276 ἑτέροισι
407 1199 509 1276 μήνεσι
528 1199 654 1280 ἐγένοντο
674 1204 702 1258 ἐν
715 1202 750 1276 τῇ
764 1198 886 1276 Ἀττικῇ,
902 1203 982 1257 Καλ-

175 1287 277 1348 λιάδεω
293 1287 428 1368 ἄρχοντος
440 1288 625 1363 Ἀθηναίοισι.
667 1287 714 1345 καὶ
732 1287 858 1363 αἱρέουσι
877 1291 982 1364 ἐρῆμον

175 1376 208 1436 τό
221 1374 302 1449 ἐστο,
319 1377 367 1436 καί
378 1402 453 1440 τινας
467 1375 580 1456 ὀλίγους
591 1374 754 1453 εὖρίσκουσι
763 1379 818 1434 τῶν
827 1375 982 1450 Ἀθηναίων

177 1469 206 1523 ἐν
225 1469 263 1542 τῷ
285 1467 333 1543 ἱρῷ
354 1464 457 1534 ἐόντας,
471 1464 572 1541 ταμίας
592 1489 623 1524 τε
643 1467 693 1523 τοῦ
713 1467 774 1540 ἱροῦ
796 1464 841 1521 καὶ
862 1466 982 1538 πένητας

176 1551 346 1629 ἀνθρώπους·
368 1552 395 1611 οἳ
409 1553 584 1630 φραξάμενοι
599 1552 650 1628 τήν
667 1551 822 1630 άκρόπολιν
836 1551 940 1632 θόρησί
950 1579 982 1613 τε

177 1642 223 1698 καὶ
241 1640 361 1710 ξύλοισι,
383 1640 521 1717 ἠμύνοντο
541 1642 605 1704 τούς
627 1641 761 1710 ἐπιόντας,
785 1639 843 1717 ἅμα
862 1643 914 1717 μέν
934 1642 981 1701 ὑπ’

177 1728 308 1806 ἅσθενίης
326 1730 393 1806 βίου
413 1728 463 1798 οὐκ
477 1730 685 1808 ἐκχωρήσαντες
699 1733 726 1792 ἐς
741 1731 897 1805 Σαλαμῖνα,
911 1730 982 1808 πρός

177 1816 269 1877 δὲκαὶ
289 1817 367 1877 αὐτοὶ
386 1818 526 1881 δοκέοντες
547 1818 719 1894 ἐξευρηκέναι
739 1817 772 1878 τό
793 1818 927 1895 μαντήϊον
947 1820 981 1879 τό

177 1906 196 1982 ή
217 1907 311 1982 Πυθίη
332 1913 388 1982 σφι
409 1907 519 1984 ἔχρησε,
541 1907 574 1966 τὸ
595 1905 707 1976 ξύλινον
727 1909 820 1984 τεῖχος
837 1905 981 1968 ἀνάλωτον

178 1995 302 2064 ἔσεσθαι,
329 1993 444 2070 αι’πόδή
462 1999 546 2054 τοῦτο
563 1993 632 2054 εἶναι
649 1993 682 2054 τό
697 1993 894 2074 κρησφύγετον
911 1995 982 2056 κατά

129 2081 209 2141 52τδ
236 2084 379 2159 μαντήϊον,
407 2083 453 2140 καὶ
481 2081 513 2142 οὗ
539 2082 590 2146 τάς
620 2086 698 2158 νῆος.
751 2085 788 2141 Οἱ
814 2083 844 2140 δέ
870 2083 983 2160 Πέρσαι

179 2169 299 2247 ἱζόμενοι
321 2171 366 2230 ἐπὶ
387 2170 437 2231 τόν
458 2172 604 2230 καταντίον
624 2175 673 2247 τῆς
694 2169 865 2247 α’κροπόλιος
884 2169 981 2250 ὄχθον,

178 2258 228 2318 τόν
240 2257 384 2334 Ἀθηναῖοι
403 2260 538 2319 καλέουσι
554 2258 668 2335 Ἀρήϊον
687 2259 787 2340 πάγον,
803 2259 984 2336 ἐπολιόρκεον

177 2345 283 2424 τρόπον
308 2346 424 2408 τοιόνδε·
453 2347 521 2411 ὅκως
543 2351 676 2408 στυπεῖον
698 2349 761 2424 περὶ
783 2349 847 2410 τους
869 2347 984 2413 όῖστοδς

178 2435 334 2510 περιθέντες
351 2435 460 2513 ἅψειαν,
480 2436 606 2505 ἐτόξευον
620 2441 647 2499 ἐς
665 2435 698 2496 τό
714 2435 842 2516 φράγμα·
864 2437 983 2496 ἐνθαῦτα

177 2521 331 2600 Ἀθηναίων
345 2527 372 2583 οἱ
385 2523 615 2600 πολιορκεόμενοι
630 2523 703 2600 ὅμως
720 2523 867 2601 ἠμύνοντο,
883 2526 984 2602 καίπερ

179 2615 206 2674 ἐς
218 2611 251 2670 τό
266 2612 387 2692 ἔσχατον
404 2616 490 2672 κακοῦ
512 2611 670 2693 α’πιγμένοι,
688 2613 733 2671 καὶ
750 2616 800 2671 τοῦ
839 2612 984 2692 ράγματος

179 2700 394 2776 προδεδωκότος·
430 2699 492 2760 οὐδὲ
519 2700 621 2780 λόγους
647 2705 702 2760 τῶν
727 2700 985 2778 Πεισιστρατιδέων

179 2789 397 2865 προσφερόντων
417 2790 480 2866 περὶ
504 2787 659 2868 ὁμολογίης
686 2790 850 2848 ἐνεδέκοντο·
881 2788 985 2865 άμυνό·

180 2901 259 2952 μενοι
275 2877 304 2936 δέ
322 2877 401 2936 ἄλλο
416 2903 447 2938 τε
465 2877 704 2954 άντεμηχονέοντο
722 2879 767 2936 καὶ
783 2877 816 2953 δή
835 2878 880 2936 καὶ
893 2903 985 2954 προσ·

182 2963 278 3024 ιόντων
294 2970 348 3025 τῶν
363 2965 520 3041 βαρβάρων
537 2966 607 3040 πρὸς
625 2966 674 3028 τάς
688 2966 787 3034 πύλας,
802 2965 985 3046 ὀλοιτρόχους

180 3051 310 3111 άπίεσαν·
332 3051 405 3112 ὥστε
418 3053 523 3128 Ξέρξεα
543 3054 588 3111 ἐπὶ
604 3053 706 3131 χρόνον
723 3053 830 3133 συχνόν
847 3053 985 3132 ἀπορίῃσι

133 3137 171 3194 53
182 3138 335 3214 ἐνέχεσθαι,
350 3140 382 3198 οὐ
400 3139 550 3215 δυνάμενόν
566 3147 658 3215 σφεας
675 3145 758 3201 ἐλεῖν.
800 3142 899 3220 Χρόνῳ
915 3142 939 3201 δ’
953 3149 985 3204 ἐκ

180 3227 234 3281 τῶν
250 3224 361 3298 ἀπόρων
375 3226 465 3300 ἐφάνη
479 3225 513 3301 δή
532 3253 574 3290 τις
589 3228 687 3292 ἐσοδος
703 3233 780 3290 τοῖσι
792 3230 984 3308 βαρβάροισι·

183 3309 239 3366 ἔδεε
258 3311 313 3383 γοὶρ
335 3311 405 3371 κατά
425 3312 458 3370 τό
480 3314 648 3386 θεοπρόπιον
666 3321 763 3377 πᾶσαν
780 3319 833 3389 τήν
852 3319 986 3391 Ἀττικήν
