2258 3568
154 145 267 220 ια’-ιι]
493 155 606 202 nmo.
689 137 692 146 “
927 152 957 204 τι

153 236 187 300 ὃς
201 236 236 296 ἅν
249 241 343 310 σφεας
355 236 488 298 άπιόντας
501 241 531 294 ἐκ
544 239 594 294 τοῦ
609 238 670 312 ἰροῦ
683 237 793 311 πρῶτος
808 234 855 293 ἐπὶ
875 234 961 302 ξείνια

107 335 112 340 ’
155 326 277 403 καλέσῃ·
300 323 386 386 ἰόντες
406 324 436 383 δέ
458 327 484 382 οἱ
507 324 650 404 Δόλογκοι
668 322 721 398 τήν
744 322 807 399 ἰρήν
828 320 894 382 όδόν
915 321 961 381 διά

153 413 273 472 Φωκέων
285 437 317 471 τε
330 412 376 470 καὶ
390 416 519 471 Βοιωτῶν
531 410 627 486 ἤϊσαν·
649 411 697 470 καί
713 417 805 486 σφεας
824 409 859 472 εἰς
873 408 960 473 οὐδεὶς

153 499 262 571 ἐκάλεε,
291 499 475 577 ἐκτρέπονται
502 499 544 559 ἐπ’
571 498 719 575 Ἀθηνέων.
760 497 809 558 Ἑν
835 499 865 557 δέ
891 503 959 578 τῇσι
969 501 1006 558 35

152 587 294 668 Ἀθήνησι
309 592 459 663 τηνικαῦτα
480 589 537 666 εἰχε
558 590 610 664 μέν
627 587 660 646 τό
674 591 731 645 πᾶν
745 585 844 662 κράτος
859 588 957 646 Πεισί-

152 701 285 752 στρατος,
299 673 369 752 ότιίρ
384 675 548 735 ἐδυνάστευε
566 677 612 734 καὶ
621 673 779 749 Μιλτιάδης
792 674 807 732 ό
823 675 958 750 Κυψέλου

153 763 207 823 ἐιόν
231 764 320 840 οἰκίης
342 763 597 841 τεθριπποτρόφου,
621 763 657 823 τό.
680 765 732 840 μέν
756 761 888 821 α’νέκαθεν
911 761 959 822 ἀπ’

152 855 261 911 Αἰακοῦ
281 877 313 910 τε
332 853 377 910 καὶ
392 853 506 932 Αἰγίνης
518 851 641 933 γεγονός
653 850 689 910 τό
702 850 732 910 δὲ
746 849 864 927 νεάτερα
876 847 959 927 Ἀθη-

152 943 239 1008 ναῖος,
253 941 373 999 Φιλαίου
394 945 445 999 τοῦ
459 941 577 1004 Αἴαντος
597 938 697 1003 παιδός
713 939 864 1020 γενομένου
884 938 957 1014 πριό-

150 1053 202 1086 του
220 1033 272 1104 τῆς
293 1029 380 1105 οἰκίης
392 1027 493 1104 ταύτης
506 1027 665 1104 Ἀθηναίου.
708 1024 789 1089 οὗτος
802 1027 817 1085 ό
832 1025 953 1085 Μιλτιά-

151 1115 201 1190 δης
224 1116 376 1194 κατήμενος
401 1121 430 1176 ἐν
450 1121 527 1176 τοῖσι
553 1116 722 1194 προθύροισι
745 1118 821 1174 τοῖσι
846 1118 955 1185 ἑωυτοῦ,

151 1202 311 1279 όρέιυντοῦς
320 1205 482 1285 Δολόγκους
491 1206 642 1282 παριόντας
656 1206 763 1279 ἐσθῆτα
777 1204 891 1281 ἔχοντας
906 1202 955 1262 οὐκ

152 1294 290 1371 ἐγχωρίην
303 1295 349 1352 καὶ
363 1293 473 1371 αἰχμάς,
487 1294 707 1370 προσεβώσατο·
730 1292 779 1351 καί
792 1298 849 1368 σφι
867 1317 956 1370 προσ-

152 1381 272 1439 ελθοῦσι
289 1382 477 1462 ἐπηγγείλατο
496 1381 662 1464 καταγωγήν
683 1381 729 1439 καὶ
750 1381 845 1450 ξείνια.
888 1384 914 1440 σί
928 1381 958 1440 δὲ

151 1466 297 1544 δεξάμενοι
311 1469 357 1526 καὶ
370 1469 551 1537 ξεινισθέντες
564 1468 611 1527 τότ’
625 1467 718 1539 αὐτοῦ,
733 1469 879 1544 ἐξέφαινον
899 1473 957 1529 πᾶν

152 1557 180 1612 οἰ
192 1555 226 1614 τό
239 1554 383 1631 μαντήϊον·
405 1555 573 1633 ἐκφήναντες
592 1557 622 1615 δέ
635 1556 744 1617 ἐδέοντο
758 1556 837 1616 αὐτοὶ
850 1561 888 1636 τῷ
903 1559 955 1636 θεῷ

150 1668 200 1718 μιν
212 1643 370 1702 πείθεσθαι.
409 1644 569 1703 Μιλτιάδεα
582 1645 612 1703 δέ
625 1644 785 1705 όκοόσαντα
798 1646 955 1722 παραυτίκα

151 1731 248 1789 ἐπεισε
262 1729 278 1789 ό
293 1730 386 1810 λόγος,
401 1731 446 1790 οἶα
467 1731 624 1810 ἀχθόμενόν
644 1759 675 1792 τε
693 1737 728 1810 τῇ
743 1732 954 1810 Πεισιστράτου

151 1817 228 1896 ἀρχῇ
252 1819 298 1876 καὶ
321 1818 498 1895 βουλόμενον
523 1825 551 1878 ἐκ
576 1821 669 1880 ποδῶν
693 1821 771 1880 εἰναι·
801 1820 898 1881 αὐτίκα
924 1821 954 1880 δὲ

151 1906 260 1982 ἐστάλη
282 1911 309 1969 ἐς
330 1906 462 1981 Δελφοός
480 1907 696 1985 ἐπειρησόμενος
717 1909 750 1969 τό
772 1909 953 1988 χρηστήριον,

151 1997 176 2052 εἰ
196 1995 292 2070 ποιοίη
313 1994 348 2053 τά
369 2021 421 2070 περ
441 1995 525 2054 αότοΰ
544 2000 571 2055 οἱ
589 1996 732 2078 Δόλογκοι
752 1998 938 2074 προσεδέοντο
944 2024 952 2069 ;

152 2081 334 2159 Κελευοόσης
352 2083 381 2142 δέ
398 2085 443 2142 καὶ
461 2089 511 2159 τῆς
524 2086 642 2161 Πυθίης,
658 2085 729 2146 οὕτω
745 2086 779 2162 δή
795 2086 952 2163 Μιλτιάδης
962 2091 999 2148 36

150 2169 167 2227 ό
188 2171 334 2248 Κυψέλου,
350 2170 495 2248 Ὀλύμπια
516 2171 669 2250 α’ναιρηκαίς
691 2173 828 2252 πρότερον
848 2175 952 2236 τούτων

149 2259 302 2340 τεθρίππῳ,
324 2259 389 2319 τότε
412 2261 589 2336 παραλαβών
611 2261 765 2338 Ἀθηναίων
789 2262 880 2322 πάντα
902 2264 953 2324 τόν

148 2347 327 2424 βουλόμενον
347 2350 473 2427 μετέχειν
493 2353 543 2408 τοῦ
563 2349 678 2419 στόλου,
697 2351 779 2410 ἔπλεε
800 2349 859 2428 ἅμα
874 2355 952 2412 τοῖσι

150 2434 327 2517 Δολόγκοισι
341 2437 386 2494 καὶ
401 2438 468 2514 ἔσχε
480 2437 532 2514 τήν
542 2437 645 2517 χιόρην·
661 2439 709 2497 καί
716 2465 765 2515 μιν
775 2442 802 2498 οἱ
813 2441 951 2522 ἐπαγαγό-

147 2549 228 2598 μενοι
248 2522 383 2601 τόραννον
405 2525 623 2601 κατεστήσαντο.
665 2527 681 2586 ό
709 2527 738 2586 δέ
764 2532 875 2605 πρῶτον
898 2532 950 2606 μὲν

148 2611 312 2691 ἀπετείχισε
326 2613 375 2672 τόν
396 2613 499 2690 ἰσθμόν
519 2617 569 2690 τῆς
583 2616 769 2692 Χερσονήσου
783 2621 812 2676 ἐκ
827 2618 950 2694 Καρδίης

147 2699 249 2763 πόλιος
263 2705 290 2762 ἐς
298 2700 439 2777 Πακτύην,
452 2702 496 2760 ἵνα
508 2701 549 2778 μή
564 2704 653 2781 ἐχοιέν
666 2710 759 2780 σφεας
773 2708 800 2764 οἱ
809 2704 950 2782 Ἀψίνθιοι

147 2786 302 2862 δηλέεσθαι
315 2788 509 2863 ἐσβάλλοντες
522 2795 549 2853 ἐς
561 2790 614 2866 τήν
626 2791 728 2870 χώρην.
762 2793 817 2852 εἰσὶ
830 2793 859 2851 δὲ
873 2791 949 2852 οὗτοι

146 2875 260 2935 στάδιοι
277 2877 307 2945 ἐξ
321 2903 352 2935 τε
367 2877 412 2935 καὶ
425 2877 573 2954 τριήκοντα
586 2883 636 2938 τοῦ
652 2881 764 2958 ἰσθμοῦ·
786 2880 841 2940 α’πδ
856 2882 885 2939 δὲ
898 2885 949 2940 τοῦ

147 2963 253 3039 ἰσθμοῦ
271 2964 370 3024 τούτου
388 2964 603 3042 ήΧερσόνησος
624 2967 691 3025 εἴσω
711 2968 792 3028 πᾶσά
806 2974 867 3028 ἐστι
881 2995 948 3029 στα-

146 3050 213 3110 δίων
232 3052 321 3112 εἰκοσι
338 3054 384 3111 καὶ
402 3051 588 3128 τετρακοσίων
606 3055 639 3114 τό
652 3059 750 3130 μῆκος.
792 3056 995 3132 Ἀποτειχί-37

146 3165 203 3202 σας
221 3138 258 3199 ὦν
275 3140 324 3200 τόν
346 3140 449 3218 αὐχένα
469 3145 519 3214 τῆς
536 3141 723 3216 Χερσονήσου
743 3141 759 3199 ό
781 3141 947 3211 Μιλτιάδης,

147 3228 194 3286 καὶ
216 3227 282 3290 ταός
297 3228 459 3306 Ἀψινθίους
475 3226 570 3304 τρόπῳ
587 3225 703 3301 τοιούτῳ
724 3225 874 3298 ὠσάμενος,
895 3227 949 3277 τῶν

147 3317 257 3374 λοιπῶν
269 3315 407 3392 πρώτοισι
421 3313 582 3386 ἐπολέμησε
593 3311 819 3382 Λαμψακηνοῖσι·
842 3305 889 3358 καί
900 3327 948 3373 μιν
