2276 3554
179 134 227 183 1⁶8
483 143 668 194 Ἦνοιοτοτ
900 143 978 211 [vn.

181 219 231 283 τόν
251 225 391 300 Θερμαῖον
412 223 519 286 κόλπον
545 225 647 305 ἐγίνετο
670 228 709 304 τῷ
734 229 849 304 ναυτικῷ
873 231 986 306 στρατῷ

182 312 301 377 όπλόος
321 313 366 372 καὶ
381 317 436 394 γήν
448 313 499 389 τήν
513 315 685 394 Μυγδονίην·
706 313 799 374 πλέων
818 313 847 372 δὲ
868 313 986 374 α’πίκετο

183 403 209 466 ἐς
221 429 252 462 τε
265 402 317 478 τήν
334 403 537 479 προειρημένην
550 403 662 479 Θέρμην
682 403 727 461 καὶ
742 401 840 465 Σινδόν
856 429 886 462 τε
899 402 987 462 πόλιν

182 490 228 549 καὶ
242 492 420 567 Χαλέστρην,
433 492 480 550 ἐπὶ
499 491 549 550 τόν
569 489 664 560 Ἀξιδν
679 489 815 566 ποταμόν·
837 489 868 553 ὃς
881 489 985 567 οὐρίζει

181 578 275 659 χεόρην
287 579 339 655 τήν
352 579 514 654 Μυγδονίην
526 606 556 639 τε
572 580 617 638 καὶ
632 577 799 648 Βοττιαιίδα,
813 583 863 654 τῆς
884 579 984 657 έχουσι

181 668 215 728 τδ
228 667 305 745 παρά
322 673 473 728 θάλασσαν
488 667 600 728 στεινόν
620 668 722 746 χωρίον
741 667 825 730 πόλις
842 665 933 742 Ἴχναι
955 693 987 726 τε

185 757 231 814 καὶ
246 757 359 815 Πέλλα.

137 845 194 902 124
243 844 278 904 ‘0
296 847 347 922 μὲν
364 844 397 918 δή
414 842 541 906 ναυτικάς
560 843 690 921 στρατός,
709 840 794 902 αὐτοῦ
810 831 874 920 περὶ
891 841 988 911 Ἀξιδν

183 933 311 1010 ποταμόν
334 934 379 992 καὶ
402 932 488 992 πόλιν
508 934 620 1010 Θέρμην
642 932 688 992 καὶ
707 928 758 994 τάς
778 930 882 1009 μεταξδ
903 929 988 994 πόλις

182 1023 308 1096 τουτέων,
322 1022 475 1098 περιμένων
487 1021 622 1097 βασιλέα,
638 1017 896 1097 ἐστρατοπεδεύετο.
919 1019 987 1098 Ξέρ-

183 1109 232 1186 ξης
259 1110 288 1170 δὲ
317 1111 361 1169 καὶ
389 1108 405 1170 ό
438 1109 520 1180 πεζός
552 1109 673 1187 στρατός
706 1107 852 1186 ἐπορεύετο
881 1112 911 1168 ἐκ
936 1112 987 1185 τῆς

183 1196 330 1268 Ἀκάνθου,
347 1198 399 1274 τήν
420 1197 577 1278 μεσόγαιαν
595 1197 705 1274 τάμνων
722 1201 772 1272 τῆς
791 1195 864 1266 ὁδοῦ,
882 1197 986 1274 βουλό

153 1311 155 1314 ·
183 1313 267 1364 μενος
288 1293 315 1350 ἐς
335 1286 386 1362 τήν
407 1287 520 1363 Θέρμην
540 1286 703 1346 ἀπικέσθαι·
726 1283 870 1362 ἐπορεύετο
893 1285 922 1344 δὲ
942 1285 987 1344 διά
1026 1288 1033 1295 '

183 1380 235 1451 τῆς
248 1380 401 1450 Παιονικῆς
416 1375 461 1434 καὶ
475 1379 675 1450 Κρηστωνικῆς
689 1375 734 1434 ἐπὶ
751 1373 879 1451 ποταμόν
898 1372 987 1451 Ἐχεί-

185 1464 281 1542 δωρον,
303 1463 338 1528 ἒς
370 1469 400 1522 ἐκ
432 1464 638 1541 Κρηστωναίων
669 1462 828 1540 ἀρξάμενος,
856 1463 911 1538 ῥέει
942 1461 988 1522 διά

185 1553 345 1634 Μυγδονίης
367 1551 465 1632 χώρης,
493 1551 538 1611 καὶ
563 1551 627 1620 ἐξίει
650 1550 725 1628 παρά
749 1550 781 1611 τδ
806 1551 868 1614 ἕλος
889 1550 921 1609 τό
945 1549 987 1610 ἐπ’

140 1639 289 1721 125Ἀξίηι
309 1645 436 1720 ποταμῷ·
461 1641 645 1720 Πορευομένῳ
666 1639 695 1698 δέ
715 1639 810 1718 ταύτῃ,
831 1640 941 1701 λέοντές
962 1642 989 1699 οί

187 1729 357 1806 ἐπεθήκαντο
375 1733 444 1808 τῇσι
462 1729 645 1805 σιτοφόροισι
667 1727 834 1805 καμήλοισι·
857 1733 989 1801 καταφοι-

186 1820 294 1883 τέοντες
316 1817 370 1900 γάρ
395 1821 421 1876 οἶ
446 1819 556 1880 λέοντες
577 1816 627 1880 τάς
649 1815 755 1885 νύκτας,
781 1818 826 1875 καὶ
847 1817 991 1880 λείποντες

186 1908 222 1966 τά
240 1909 366 1986 σφέτερα
383 1906 461 1982 ἤθεα,
478 1904 570 1966 άλλου
587 1907 639 1983 μὲν
658 1903 768 1968 οὐδενός
785 1904 907 1965 ἅπτοντο
927 1903 990 1964 οὔτε

185 1997 337 2078 ὕποζυγίου
355 1995 418 2056 οὔτε
437 1993 591 2071 ἀνθρώπου,
610 1996 636 2052 οἱ
654 1993 684 2052 δὲ
701 1992 751 2056 τοὶς
772 1991 913 2069 καμήλους
935 1997 990 2052 ἐκε-

187 2085 283 2162 ράῖζον
296 2085 408 2162 μούνας.
451 2083 568 2161 θωμάζω
587 2081 615 2140 δὲ
633 2080 666 2142 τό
683 2083 770 2142 αἴτιον
789 2080 804 2140 ὅ
820 2108 848 2141 τι
866 2084 929 2142 κοτὲ
946 2079 991 2157 ἦν,

187 2178 243 2233 τῶν
256 2172 352 2232 ἄλλων
364 2172 396 2232 τό
414 2171 570 2253 άναγκόζον
588 2170 777 2250 ἀπεχομένους
794 2169 859 2232 τοδς
875 2170 992 2234 λέοντας

187 2267 256 2341 τήσι
287 2260 442 2336 καμήλοισι
473 2259 658 2320 ἐπιτίθεσθαι·
692 2258 725 2318 τό
758 2258 828 2335 μήτε
854 2257 992 2335 πρότερον

144 2353 200 2410 126
210 2349 361 2410 ὀπώπεσαν
383 2351 487 2427 θηρίον,
503 2348 567 2427 μήτ’
590 2349 767 2425 ἐπεπειρέατο
789 2346 882 2406 αὐτοῦ.
924 2349 993 2405 Εἰσὶ

190 2438 220 2496 δὲ
243 2438 312 2498 κατά
333 2441 421 2498 ταῦτα
443 2437 478 2496 τά
500 2437 588 2516 χωρία
610 2435 655 2494 καὶ
676 2436 787 2498 λέοντες
808 2434 922 2504 πολλοὶ,
946 2436 993 2493 καὶ

189 2527 259 2603 βόες
277 2525 369 2608 ἄγριοι
385 2530 439 2586 τῶν
456 2525 492 2584 τά
511 2527 591 2603 κέρεα
609 2522 803 2604 ὖπερμεγάθεά
822 2527 892 2591 ἐστι,
910 2521 946 2580 τά
966 2527 993 2588 ἐς

185 2615 330 2692 Ἕλληνας
343 2615 513 2691 φοιτέοντα.Ι
544 2611 623 2689 οὖρος
641 2612 671 2671 δέ
687 2615 764 2671 τοῖσι
781 2610 883 2670 λέουσί
898 2609 993 2670 ἔστιδ’

188 2733 221 2766 τε
243 2705 277 2766 δι’
297 2703 445 2781 Ἀβδήρων
466 2703 535 2780 ῥέων
555 2701 682 2778 ποταμός
705 2701 826 2769 Νέστος,
851 2699 897 2757 καὶ
918 2697 934 2758 ό
959 2696 994 2757 δι’

189 2793 371 2872 Ἀκαρνανίης
386 2791 455 2868 ῥέων
472 2790 626 2868 Ἀχελῷος·
648 2788 711 2849 οὔτε
731 2789 786 2870 γάρ
806 2786 839 2848 τό
855 2785 925 2864 πρός
942 2786 995 2862 τήν

190 2883 232 2958 ήῶ
258 2885 308 2942 τοῦ
335 2881 449 2940 Νέστου
476 2877 612 2954 οὐδαμόθι
638 2875 732 2952 πάσης
758 2879 809 2952 τῆς
835 2875 996 2953 ἔμπροσθεν

192 2969 328 3047 Εὐρώπης
341 2967 396 3026 ἴδοι
408 2993 450 3030 τις
467 2963 501 3026 ἂν
518 2967 627 3034 λέοντα,
642 2963 705 3024 οὔτε
722 2963 792 3040 πρός
808 2964 929 3039 ἑσπέρης
944 2967 996 3022 τοῦ

191 3056 334 3136 Ἀχελῴου
348 3061 377 3114 ἐν
389 3059 425 3134 τῇ
439 3054 574 3133 ἐπιλοίπῳ
586 3052 702 3132 ἠπείρῳ·
720 3051 786 3111 ἄλλ’
800 3057 829 3112 ἐν
841 3055 877 3128 τῇ
890 3051 995 3127 μεταξή

192 3144 297 3203 τούτων
309 3147 363 3202 τῶν
375 3144 509 3218 ποταμῶν
521 3142 651 3221 γίνονται

148 3234 204 3294 127
256 3231 303 3292 Ὡς
316 3230 345 3288 δὲ
362 3235 389 3292 ἐς
406 3228 458 3304 τήν
475 3228 587 3305 Θέρμην
604 3227 719 3288 ἀπίκετο
736 3230 752 3286 ὁ
770 3227 883 3305 Ξέρξης,
899 3229 997 3304 ἵδρυσε

195 3319 281 3378 αὑτοῦ
304 3316 356 3390 τήν
377 3314 521 3393 στρατιήν·
545 3315 649 3394 ἐπέσχε
671 3314 701 3373 δὲ
731 3314 747 3374 ὁ
769 3315 891 3392 στρατός
910 3313 997 3375 αὐτοῦ
