2276 3554
153 151 264 216 ⁷5-7a]
498 137 610 202 amn.
924 150 955 210 ιο

195 234 352 308 Κλεομένεϊ
371 259 426 312 γαρ
446 234 638 312 μαντευομένῳ
660 235 689 291 ἐν
713 233 889 305 Δελφοῖσι’
876 228 956 337 εχρή-
966 231 1002 288 76

152 319 233 428 σθη”
235 328 328 400 Αργος
346 320 482 397 αἱρήσειν.
524 321 586 378 ἐπεί
601 347 631 379 τε
648 319 678 378 δέ
693 316 900 394 Σπαρτιήτας”
882 343 956 397 αγων

152 405 269 467 ἀπίκετο
284 409 329 466 ἐπὶ
348 408 476 484 ποταμὸν
488 406 678 485 Ἐρασῖνον,
661 433 692 470 υς
707 407 868 488 λέγεται”
835 431 907 484 ρεειν
925 411 955 464 ἐκ

151 499 203 571 τῆς
212 497 398 573 Στυμφηλίης
406 497 516 573 λίμνης·
532 496 595 574 (τήν
602 496 657 577 γοὶρ
665 494 699 571 δή
709 496 810 571 λίμνην
818 494 921 570 ταύτην
929 498 956 557 ἐς

151 583 255 662 χιίσμα
272 583 377 659 ἀφανὲς
399 584 563 644 ἐκδιδοῦσαν
579 583 784 661 ἀναφαίνεσθαι
803 587 832 642 έν
847 580 955 664 Ἀργεῖ’,

151 698 185 731 το
215 673 340 732 ἐνθεῦτεν
364 672 394 732 δέ
420 699 452 732 το
444 671 545 750 ὕδωρ
569 665 622 782 ήδη
645 675 728 732 τοῦτο
754 670 800 732 υπ’
823 670 955 753 Ἀργείων

151 759 304 866 Ερασῖνον
314 759 520 838 καλέεσθαι’)’
502 761 669 838 απικόμενος
683 758 740 820 δΗ
720 786 757 820 ιον
766 787 782 820 ο
775 759 956 837 Κλεομένης

152 843 200 900 ἐπὶ
220 841 270 902 τόν
290 841 418 919 ποταμόν
434 846 533 902 τοῦτον
551 840 790 923 ἐσφαγιάζετο’
756 844 836 920 αυτῷ,
858 842 903 900 καὶ
924 868 956 900 ου

150 956 208 1010 γαρ
223 930 348 1006 οὐδαμῶς
361 931 520 1007 ἐκαλλιέρεε
533 930 687 1006 διαβαίνειν
700 956 756 1007 μιν,
770 928 937 1010 ἄγασθαι
904 955 956 1006 μεν

153 1019 209 1094 ἐφη
229 1023 280 1078 τοῦ
300 1017 451 1095 Ἐρασίνου
472 1045 504 1078 ου
497 1017 704 1096 ’προδιδόντος
724 1045 788 1082 τους
810 1017 955 1094 πολιήτας,

152 1099 296 1187 Ἀργείους
316 1108 412 1184 μέντοι
432 1105 488 1166 οὐδ’
507 1107 542 1170 ὥς
557 1107 715 1186 χαιρήσειν·
735 1106 807 1184 μετὰ
823 1107 852 1165 δὲ
869 1111 956 1166 ταῦτα

152 1194 376 1273 ἐξαναχωρήσας,
397 1195 449 1270 τήν
470 1196 606 1272 στρατιήν
627 1195 767 1276 κατήγαγε
789 1200 816 1258 ἐς
839 1196 955 1272 Θυρέην

152 1284 389 1364 σφαγιασάμενος
416 1283 446 1342 δὲ
472 1288 507 1363 τῇ
535 1284 673 1362 θαλάσση
694 1288 804 1361 ταῦρον,
826 1285 956 1344 πλοίοισί
1014 1327 1021 1338 .

151 1378 247 1446 σφεας
261 1370 350 1453 ἤγαγε
373 1374 399 1435 ἐς
414 1398 445 1432 τε
466 1372 518 1448 τήν
539 1373 685 1450 Τιρυνθίην
704 1371 798 1451 χαίρην
814 1374 860 1431 καὶ
880 1379 955 1432 Ναυ-

151 1461 251 1536 πλίην.
298 1460 420 1542 Ἀργεῖοι
442 1459 465 1520 δ’
480 1461 617 1537 ἐβοήθεον
639 1461 841 1538 πυνθανόμενοι
867 1466 1002 1522 ταῦταἹῖ

152 1549 198 1606 ἐπὶ
213 1549 374 1609 θάλασσαν·
404 1549 441 1613 ὥς
453 1549 483 1608 δὲ
495 1548 586 1630 ιίγχοῦ
598 1552 650 1626 μέν
664 1551 786 1630 ἐγίνοντο
799 1555 849 1626 τῆς
862 1553 954 1629 Τίρυν-

151 1637 201 1699 θος
222 1636 304 1716 χοίρῳ
331 1637 360 1697 δέ
383 1642 412 1697 ἐν
432 1637 520 1717 τούτῳ
540 1643 578 1717 τῷ
600 1639 689 1698 κέεται
711 1636 818 1714 Σήπεια
842 1638 955 1717 οὔνομα,

150 1726 321 1804 μεταίχμιον
334 1724 366 1785 οιί
379 1726 453 1806 μέγα
467 1725 652 1790 ἀπολιπόντες
667 1728 756 1798 ἵζοντο
774 1727 863 1788 ιίντίοι
880 1732 955 1788 τοῖσι

151 1813 410 1890 Λακεδαιμονίοισι.
441 1815 558 1874 ἐνθαῦτα
572 1815 606 1892 δή
622 1819 648 1875 οἱ
661 1815 784 1896 Ἀργεῖοι
797 1818 848 1891 τήν
861 1820 912 1892 μὲν
926 1822 956 1876 ἐκ

151 1905 203 1961 τοῦ
222 1905 345 1980 φανεροῦ
363 1901 458 1981 μα’χην
477 1903 526 1962 οιίκ
546 1905 710 1980 ἐφοβέοντο,
730 1904 807 1963 α’λλιί
823 1905 863 1980 μή
882 1905 955 1985 δόλῳ

151 1991 310 2066 αἱρεθέωσι·
332 1991 378 2049 καὶ
391 1990 446 2071 γάρ
460 1990 495 2066 δή
507 1999 563 2067 σφι
583 1998 610 2054 ἐς
623 1996 706 2052 τοῦτο
719 1991 752 2051 τό
766 1995 884 2072 πρῆγμα
898 1993 955 2073 εἶχε

150 2079 185 2137 τό
199 2078 373 2156 χρηστήριον
386 2079 419 2139 τό
434 2082 558 2140 ἐπίκοινα
571 2082 675 2158 ἔχρησε
691 2080 710 2156 ή
725 2082 817 2157 Πυθίη
831 2080 958 2142 τούτοισί

150 2191 182 2224 τε
196 2167 243 2225 καὶ
258 2167 439 2242 Μιλησίοισι,
452 2170 538 2250 λέγον
551 2166 611 2227 ὧδε·

248 2278 316 2327 Ιλλλ
334 2281 394 2328 ὅταν
409 2283 425 2339 ή
443 2282 528 2339 θήλεια
546 2282 587 2328 τὸν
605 2280 693 2342 ἄρσενα
711 2283 829 2340 νικήσασα

252 2353 364 2412 έξελάση,
384 2354 424 2400 καὶ
441 2355 508 2402 κῦδος
525 2355 550 2401 έν
567 2353 711 2414 Ἀργείοισιν
728 2354 822 2416 α’ρηται,

251 2425 346 2473 πολλὰς
362 2423 477 2485 ’Δργείων
493 2425 659 2486 ἀμφιδρυφέας
675 2426 731 2472 τότε
748 2427 824 2485 θήσει·

251 2495 283 2544 ὥς
301 2497 362 2544 ποτέ
379 2513 414 2544 τις
432 2497 491 2557 ἐρέει
508 2498 548 2544 καὶ
566 2497 732 2554 ἐπεσσομένων
749 2498 885 2559 ἀνθρώπων,

250 2568 323 2616 δεινὸς
339 2569 393 2628 ὄφις
409 2569 541 2630 τριέλικτος
558 2567 671 2616 ἀπώλετο
688 2569 751 2633 δουρὶ
768 2571 903 2630 δαμασθείς.

150 2683 247 2739 Ταῦτα
261 2677 295 2755 δή
309 2678 400 2738 πάντα
414 2679 587 2740 συνελθόντα
600 2685 676 2740 τοῖσι
689 2680 844 2764 Ἀργείοισι
858 2684 954 2760 φόβον

154 2769 280 2846 παρεῖχε·
322 2767 368 2825 καὶ
389 2766 423 2842 δή
442 2774 498 2842 σφι
513 2767 584 2844 πρός
600 2774 687 2829 ταῦτα
705 2771 780 2840 ἔδοξε
800 2775 837 2849 τῷ
858 2770 955 2847 κήρυκι

151 2858 205 2914 τῶν
222 2856 364 2931 πολεμίων
380 2857 515 2934 χρᾶσθαι·
541 2855 625 2926 δόξαν
641 2858 673 2916 δέ
689 2865 753 2934 σφι,
771 2862 879 2917 ἐποίευν
899 2885 954 2918 τοι·

150 2941 223 3002 όνδε·
256 2941 325 3006 ὅκως
351 2940 367 3002 ὁ
395 2943 571 3020 Σπαρτιήτης
588 2944 691 3021 ’κήμυξ
711 2947 901 3022 προσημαίνοι
926 2972 955 3008 τι

151 3029 406 3107 Λακεδαιμονίοισι,
419 3034 526 3091 ἐποίευν
537 3033 582 3092 καὶ
593 3035 620 3092 οί
630 3031 753 3114 Ἀργεῖοι
762 3032 850 3093 τώυτό
861 3037 953 3094 τοῦτο.

151 3118 261 3178 Μαθιδν
281 3118 311 3178 δὲ
332 3117 348 3178 ό
371 3119 533 3196 Κλεομένης
557 3123 703 3182 ποιεῦντας
725 3120 789 3182 τούς
812 3119 954 3199 Ἀργείους
964 3124 1002 3180 78

150 3205 247 3268 ὁκοῖόν
264 3205 323 3266 τιό
340 3207 478 3283 σφέτερος
497 3206 584 3283 κήρυξ
599 3205 740 3282 σημήνειε,
761 3205 953 3284 παραγγέλλει

150 3301 209 3371 σφι
230 3293 297 3355 ὅταν
318 3295 432 3374 σημήνῃ
453 3293 468 3353 ό
490 3293 577 3370 κήρυξ
593 3291 739 3350 ποιέεσθαι
752 3289 876 3367 ἄριστον,
890 3291 953 3351 τότε
