2282 3550
156 147 298 212 ιιι-τοι]
468 132 653 196 nomam}
910 152 957 200 ιιι

155 229 184 286 δέ
199 233 227 289 ἐς
238 227 423 304 Κασθαναίην
436 227 657 305 ἐξεβράσσοντο·
678 227 713 303 ἦν
723 254 753 286 τε
763 232 812 287 τοῦ
825 233 975 308 χειμῶνος,

154 321 253 394 χρῆμα
267 314 420 392 ἀφόρητον.
462 317 581 396 Λέγεται
595 315 624 374 δέ
640 315 734 397 λόγος,
750 316 784 379 ὦς
796 316 939 393 Ἀθηναῖοι
950 321 1006 378 189

154 405 204 464 τόν
226 409 320 482 Βορῆν
340 409 370 463 ἐκ
395 405 564 481 θεοπροπίου
592 405 807 475 ἐπεκαλέσαντο,
829 405 959 468 ἐλθόντος

155 500 211 568 σφι
232 493 324 553 ἄλλου
344 495 517 573 χρηστηρίου
534 493 584 552 τόν
604 493 736 574 γαμβρόν
754 495 898 571 ἐπίκουρον
912 521 958 553 κα-

154 583 308 642 λέσασθαι·
344 587 434 658 Βορῆς
460 582 496 654 δὲ,
523 583 592 641 κατά
619 581 669 641 τόν
695 581 839 657 Ἑλλήνων
861 583 957 664 λόγον,

155 671 212 748 ἔχει
242 675 360 752 γυναῖκα
386 669 516 746 Ἀττικήν
542 669 698 747 Ὠρείθυιαν
724 669 775 745 τήν
801 670 957 750 Ἐρεχθέος·

155 759 225 817 κατά
244 759 279 834 δὴ
297 760 331 819 τό
351 761 432 835 κῆδος
448 763 532 818 τοῦτο
549 762 575 817 οἱ
590 757 742 834 Ἀθηναῖοι,
758 757 793 821 ιός
812 759 895 834 φάτις
909 759 958 838 ὦρ-

153 873 248 921 μηται,
278 847 517 924 συμβαλλόμενοί
544 854 600 923 σφι
626 846 675 906 τόν
702 851 796 924 Βορῆν
826 849 958 928 γαμβρόν

155 935 232 1004 εἶναι,
261 939 460 1016 ναυλοχέοντες
486 939 536 1012 τῆς
558 935 684 1012 Εὐβοίης
712 940 740 993 ἕν
767 936 896 1005 Χαλκίδι,
924 936 959 1000 ὦς

154 1024 259 1099 ἔμαθον
276 1025 427 1102 αὐξόμενον
446 1025 495 1085 τόν
515 1029 646 1104 χειμῶνα,
660 1023 690 1104 (ἢ
704 1025 750 1082 καὶ
763 1023 818 1102 πρό
836 1023 958 1106 rothom)

154 1111 269 1172 ἐθύοντό
287 1140 318 1172 τε
335 1116 380 1172 καὶ
399 1115 583 1173 ἐπεκαλέοντο
604 1113 654 1172 τόν
675 1139 706 1172 τε
725 1117 818 1189 Βορῆν
841 1113 886 1171 καὶ
906 1114 957 1190 τήν

152 1197 319 1278 Ὠρείθυιαν,
333 1203 494 1280 τιμωρῆσαί
508 1209 564 1277 σφι
581 1201 626 1260 καὶ
645 1202 805 1278 διαφθεῖραι
820 1206 874 1260 τῶν
886 1203 957 1279 βαρ-

152 1287 251 1365 βάρων
271 1291 321 1353 τός
341 1292 411 1360 νέας,
433 1291 467 1354 ὥς
488 1292 534 1350 καὶ
553 1289 689 1368 πρότερον
709 1291 773 1366 περὶ
789 1288 893 1350 Ἀθων.
935 1295 959 1350 εί

152 1378 204 1452 μέν
232 1404 281 1438 νυν
308 1379 352 1438 διά
373 1385 460 1439 ταῦτα
487 1383 563 1439 τοῖσι
586 1378 765 1456 βαρβάροισι
786 1379 921 1456 ὁρμέουσι
941 1379 956 1440 ό

152 1466 245 1542 βορῆς
267 1469 396 1538 ἐπέπεσε,
412 1468 461 1526 οὐκ
483 1469 535 1547 ἔχω
557 1471 653 1527 εἰπεῖν·
675 1470 702 1526 οἱ
721 1466 742 1525 δ’
765 1466 801 1526 ὧν
814 1466 959 1544 Ἀθηναῖοί

152 1560 209 1629 σφι
230 1557 349 1636 λέγουσι
366 1557 554 1633 βοηθήσαντα
571 1556 621 1616 τόν
637 1560 731 1633 Βορῆν
747 1555 889 1632 πρότερον,
911 1558 957 1615 καὶ

152 1641 218 1701 τότε
243 1648 333 1703 ἐκεῖνα
357 1644 596 1727 κατεργάσασθαι·
631 1645 676 1703 καὶ
702 1643 761 1720 ἱρόν
787 1643 957 1708 οἷπελθόντες

153 1733 249 1808 Βορέω
265 1733 412 1810 ἱδρύσαντο
426 1735 502 1812 παρά
516 1733 644 1812 ποταμόν
656 1732 792 1794 Ἰλισσόν.

202 1819 251 1880 Ἐν
264 1821 353 1902 τούτῳ
370 1829 409 1902 τῷ
423 1823 498 1902 πόνῳ
514 1824 577 1886 νέας
597 1822 624 1882 οἳ
645 1823 798 1900 ἐλαχίστας
818 1823 935 1903 λέγουσι
946 1825 1003 1882 190

152 1907 351 1987 διαφθαρῆναι,
362 1913 563 1989 τετρακοσιέων
576 1909 627 1971 οῦκ
641 1912 800 1973 ἐλάσσονας
814 1909 913 1988 ἄνδρας
926 1937 956 1970 τε

152 1995 366 2075 ἀναριθμήτους,
385 2000 535 2078 χρημάτων
550 2027 581 2060 τε
599 2001 710 2075 πλῆθος
728 1999 862 2074 ἄφθονον·
884 1997 956 2060 ὥστε

151 2083 330 2162 Ἀμεινοκλέϊ
341 2093 380 2167 τῷ
399 2090 541 2165 Κρητίνεω
559 2088 638 2165 άνδρὶ
657 2087 796 2168 Μάγνητι,
809 2089 956 2168 γηοχέοντι

151 2173 216 2251 περὶ
236 2176 373 2251 Σηπιάδα,
392 2177 521 2258 μεγάλως
537 2177 556 2253 ἦ
574 2177 691 2257 ναυηγίη
706 2176 814 2256 ἐγένετο
832 2177 954 2254 χρηστή·

151 2260 183 2325 ὃς
205 2263 303 2322 πολλά
325 2267 377 2340 μὲν
398 2265 506 2344 χρύσεα
530 2264 650 2341 ποτήρια
672 2263 779 2344 ῦστέριρ
799 2264 889 2345 χρόνῳ
913 2271 954 2325 ἐκ·

150 2350 343 2428 βρασσόμενα
356 2352 489 2423 ἀνείλετο,
500 2353 598 2412 πολλά
611 2352 641 2411 δέ
651 2351 780 2434 ἀργύρεα·
798 2353 955 2432 θησαυρούς

150 2463 182 2497 τε
198 2443 254 2499 τῶν
268 2443 402 2518 Περσέων
422 2439 492 2518 εὗρε,
506 2440 583 2500 ἄλλα
603 2467 634 2500 τε
653 2440 761 2519 χρύσεα
776 2440 872 2518 ἄφατα
887 2444 954 2522 χρή-

151 2553 228 2603 ματα
241 2529 456 2604 περιεβάλλετο.
500 2529 577 2609 (ἀλλ’
597 2529 612 2589 ὁ
630 2532 681 2606 μὲν
698 2528 793 2588 τᾶλλα
812 2529 861 2590 οῦκ
878 2529 953 2590 εῦτυ-

150 2616 231 2693 χέων,
251 2615 390 2694 εὑρήμασι
407 2619 481 2698 μέγα
499 2618 638 2681 πλούσιος
656 2618 773 2698 ἐγένετο·
794 2618 829 2692 ἦν
844 2617 900 2697 γάρ
912 2645 954 2682 τις

151 2704 197 2761 καὶ
219 2709 320 2764 τοῦτον
340 2704 439 2785 ἄχαρις
457 2707 593 2784 συμφορή
614 2709 743 2765 λυπεῦσα
761 2704 953 2787 παιδοφόνος.)

152 2793 320 2874 Σιταγωγῶν
346 2795 376 2853 δὲ
402 2794 527 2854 ὁλκάδων
555 2796 601 2853 καὶ
624 2797 686 2853 τόν
705 2791 800 2852 ἄλλων
827 2793 997 2878 πλοίων191

150 2879 387 2959 διαφθειρομένων
406 2881 456 2942 οῦκ
477 2887 547 2959 ἐπῆν
563 2880 690 2960 ἀριθμός·
720 2879 791 2939 ὥστε
813 2880 953 2944 δείσαντες
990 2943 997 2956 ,

150 2970 178 3026 οἶ
190 2970 347 3052 στρατηγοὶ
358 2974 408 3030 τοῦ
421 2976 550 3031 ναυτικοῦ
566 2971 689 3048 στρατοῦ
704 2967 745 3044 μή
764 2975 820 3044 σφι
836 2993 953 3028 κεκακω-

149 3057 262 3132 μένοισι
286 3059 446 3118 ἐπιθέωνται
466 3063 493 3119 οἱ
513 3057 667 3129 Θεσσαλοὶ,
691 3056 768 3131 ἕρκος
788 3055 898 3133 ὑψηλόν
922 3063 952 3118 ἐκ

150 3148 206 3204 τῶν
224 3145 362 3226 ναυηγίων
384 3148 598 3224 περιεβάλοντο·
626 3143 731 3217 ἡμέρας
751 3143 805 3220 γάρ
826 3143 860 3215 δὴ
882 3146 951 3221 ἐχεί-

150 3233 221 3309 μαζε
233 3237 316 3310 τρεῖς·
337 3236 419 3298 τέλος
432 3235 470 3305 δὲ,
485 3233 586 3308 ἔντομά
595 3255 626 3288 τε
635 3231 775 3288 ποιεῦντες
789 3228 835 3283 καὶ
846 3231 952 3286 καταεί-

150 3320 245 3383 δοντες
256 3320 344 3398 γόησι
361 3325 400 3399 τῷ
413 3321 504 3397 ἀνέμῳ
522 3322 548 3377 οἱ
565 3315 670 3392 Μάγοι,
684 3309 754 3384 πρός
771 3337 802 3369 'f‘
818 3312 951 3381 Τθύτθῑσὺι
