2258 3568
606 15 626 80 [7
639 70 643 82 .

188 147 219 192 οι
491 145 676 194 Ἧιοιουοτ
922 146 984 212 [v1.

185 223 379 299 κεκακωμένων
393 227 423 282 ἔκ
436 228 486 300 τῆς
499 226 653 303 ναυμαχίης
666 225 682 284 ὁ
694 225 826 289 Ἱστιαῖος
839 227 909 306 έχων
921 230 987 294 τούς

183 312 327 386 Λεσβίους
341 312 522 388 ἐπεκράτησε,
537 317 567 372 ἐκ
579 314 724 391 Πολίχνης
733 317 784 390 τῆς
794 315 870 374 Χίων
882 315 986 393 ὁρμεά-

136 400 173 458 27
183 425 275 475 μενος.
317 400 412 458 Φιλέει
434 401 465 459 δέ
486 428 537 464 κως
553 403 755 478 προσημαίνειν
772 401 825 462 εὖτ’
839 401 873 462 ἂν
890 406 985 484 μέλλῃ

182 487 294 568 μεγάλα
309 487 379 546 κακά
390 487 408 564 ἢ
421 488 489 547 πόλι
503 488 521 565 ἢ
535 490 607 548 ἔθνεϊ
622 490 746 549 ἔσεσθαι·
762 491 807 550 καὶ
820 491 876 572 γάρ
886 495 983 554 Χίοισι

182 575 238 652 πρά
251 576 355 636 τούτων
368 576 477 654 σημήῖα
490 576 604 658 μεγάλα
622 578 740 657 ἐγένετο·
760 582 844 638 τοῦτο
860 581 913 657 μέν
928 589 985 657 σφι

182 665 314 742 πέμψασι
338 669 365 727 ἒς
389 664 521 741 Δελφσθς
548 663 635 743 χορόν
661 666 786 741 νεηνιέων
813 667 912 728 ἑκατόν
935 669 985 730 δύο

182 757 280 828 μοῦνοι
301 753 406 813 τούτων
427 752 635 828 ἀπενόστησαν·
656 754 721 816 τούς
742 754 771 813 δὲ
793 753 865 814 ὀκτώ
885 782 917 815 τε
940 761 985 818 καὶ

183 840 362 915 ἐννενήκοντα
375 840 465 902 αὐτῶν
479 841 579 918 λοιμός
592 840 748 916 ὖπολαβών
762 841 901 917 ἀπήνεικε·
921 850 985 904 τοῦ·

181 954 215 987 το
231 929 260 988 δὲ
279 935 308 989 ε’ν
327 957 362 1008 τη
381 930 450 989 πόλι
468 930 518 989 τόν
537 928 621 989 αὐτόν
641 933 741 990 τοῦτον
761 930 870 1008 χρόνον,
885 930 984 1013 ὀλίγον

182 1016 237 1094 πρό
251 1023 301 1094 τῆς
315 1020 476 1097 ναυμαχίης,
492 1019 575 1076 παισὶ
587 1015 740 1098 γράμματα
756 1019 983 1097 διδασκομένοισι

182 1107 297 1164 ε’νέπεσε
309 1107 328 1183 ἡ
342 1108 438 1188 στέγη,
454 1105 526 1166 ὥστε
540 1105 588 1164 ἀπ’
602 1105 699 1166 ε’κατδν
713 1107 758 1164 καὶ
773 1107 862 1166 εἴκοσι
877 1109 983 1169 παίδων

183 1194 221 1257 εἶς
233 1199 334 1272 μοῦνος
353 1194 489 1274 άπέφυγε.
531 1197 619 1254 ταῦτα
632 1195 683 1270 μέν
697 1201 753 1269 σφι
766 1195 876 1270 σημήῖα
889 1195 906 1255 ά
920 1197 984 1260 θεός

181 1283 319 1359 προέδεξε·
341 1282 412 1359 μετά
431 1283 461 1342 δὲ
477 1282 608 1358 ταῦταῆ
629 1283 769 1362 ναυμαχίη
790 1283 998 1360 θπολαβοΰσα,

181 1375 209 1434 ές
225 1370 293 1452 γόνυ
305 1371 357 1446 τήν
370 1371 455 1430 πόλιν
470 1373 567 1447 ἔβαλε·
590 1371 635 1430 ε’πὶ
655 1371 684 1430 δὲ
704 1374 740 1449 τῇ
761 1373 900 1450 ναυμαχίῃ
921 1377 982 1433 ἒπε-

180 1459 275 1539 γένετο
297 1457 429 1522 Ἱστιαῖος
450 1461 593 1535 Λεσβίους
620 1459 703 1540 άγων·
732 1462 926 1536 κεκακωμένων
952 1463 983 1521 δὲ

180 1549 236 1605 τῶν
249 1548 332 1617 Χίων,
347 1548 547 1623 καταστροφήν
568 1547 700 1611 εὐπετέως
713 1547 803 1607 αὐτῶν
817 1549 980 1625 ἐποιήσατο.

133 1636 171 1692 28
220 1633 364 1694 Ἐνθεῦτεν
381 1634 410 1693 δὲ
431 1635 591 1699 όἹστιαῖος
611 1635 791 1712 ἐστρατεύετο
813 1637 858 1695 ε’πὶ
874 1637 979 1712 Θάσον,

181 1721 255 1803 ἄγων
271 1721 368 1782 Ἰώνων
389 1724 434 1782 καὶ
457 1724 580 1784 Αἰολέων
602 1725 732 1802 συχνούς.
773 1727 981 1806 περικατημένῳ

181 1811 211 1870 δέ
231 1815 257 1870 οἱ
270 1811 367 1872 Θάσον
385 1811 455 1888 ἦλθε
477 1811 604 1893 άγγελίη,
621 1813 655 1876 ὦς
669 1816 695 1872 οἶ
708 1814 832 1875 Φοίνικες
852 1812 980 1873 α’ναπλά-

180 1926 245 1960 ουσι
266 1905 294 1959 ἐκ
315 1905 365 1976 τῆς
378 1900 510 1976 Μιλήτου
527 1901 572 1958 ε’πὶ
588 1901 640 1976 τὴν
654 1901 746 1977 άλλην
758 1900 873 1976 Ἰωνίην·
894 1903 980 1962 πυθό-

179 2013 261 2065 μενος
277 1990 306 2048 δὲ
325 1995 413 2049 ταῦτα
427 1989 524 2048 Θάσον
544 1991 596 2065 μὲν
613 1987 772 2065 ἀπόρθητον
785 1989 883 2058 λείπει,
898 1988 981 2054 αὐτός

180 2077 210 2136 δὲ
224 2083 250 2140 ές
263 2079 314 2154 τήν
328 2080 445 2154 Λέσβον
462 2076 592 2158 ἠπείγετο
613 2075 687 2158 άγων
706 2081 803 2136 πᾶσαν
822 2076 874 2152 τήν
894 2103 980 2154 στρα-

180 2165 250 2240 τιήν·
272 2171 301 2224 έκ
323 2167 441 2240 Λέσβου
464 2166 500 2237 δὲ,
519 2165 704 2240 λιμαινούσης
723 2168 749 2222 οἶ
769 2169 818 2240 τῆς
837 2171 979 2242 στρατιῆς,

180 2255 267 2330 πέρην
287 2254 425 2330 διαβαίνει
447 2259 476 2312 ἔκ
496 2257 546 2312 τοῦ
568 2252 715 2330 Ἀταρνέος
737 2252 772 2315 αἶς
792 2251 909 2328 άμήσων
929 2253 981 2312 τόν

179 2345 268 2411 σῖτον,
282 2341 331 2400 τόν
343 2367 374 2400 τε
389 2341 512 2400 ἐνθεῦτεν
526 2340 634 2400 καὶτὸν
649 2346 678 2399 ἐκ
693 2341 800 2400 Καΐκου
819 2340 914 2399 πεδίου
930 2341 981 2400 τόν

179 2432 234 2488 τῶν
248 2433 365 2488 Μυσῶν·
387 2434 416 2488 ε’ν
430 2429 459 2486 δὲ
472 2428 597 2488 τούτοισι
610 2431 687 2488 τοῖσι
699 2429 828 2507 χωρίοισι
847 2427 980 2509 ε’τόγχανε

181 2516 231 2576 ε’ὦν
246 2516 400 2599 Ἅρπαγος,
423 2516 492 2594 ἀνὴρ
515 2519 638 2594 Πέρσης,
663 2517 822 2598 στρατηγός
845 2520 981 2592 στρατιῆς

180 2605 230 2685 οὐκ
253 2605 359 2687 ὀλίγης·
387 2606 416 2668 ὅς
440 2608 466 2664 οἶ
490 2604 632 2682 άποβάντι
659 2605 818 2681 συμβαλών
845 2602 929 2664 αὐτόν
949 2631 980 2664 τε

180 2695 313 2754 Ἱστιαῖον
327 2695 428 2776 ζωγρίῃ
443 2695 531 2770 ἔλαβε
551 2695 596 2752 καὶ
614 2694 664 2754 τὸν
684 2693 806 2770 στρατόν
825 2691 910 2752 αὐτοῦ
929 2692 981 2752 τάν

132 2787 169 2843 29
179 2788 257 2842 πλέω
276 2783 424 2859 διέφθειρε.
465 2781 626 2862 Ἐζωγρήθη
641 2782 669 2840 δὲ
686 2781 702 2840 ὁ
716 2780 848 2843 Ἱστιαῖος
862 2777 922 2838 ὦδε·
945 2779 980 2843 ὥς

181 2872 318 2951 ἐμάχοντο
337 2876 363 2932 οἱ
374 2873 514 2947 Ἕλληνες
526 2875 603 2930 τοῖσι
616 2872 750 2950 Πέρσησι
764 2875 793 2930 έν
805 2873 841 2948 τῇ
855 2867 980 2948 Μαλήνη

179 2965 230 3036 τῆς
241 2960 442 3036 Ἀταρνείτιδος
462 2959 562 3037 χώρης,
578 2962 668 3034 οἱμὲν
682 2959 862 3018 συνέστασαν
878 2956 981 3036 χρόνον

182 3049 227 3106 ε’πὶ
240 3047 387 3122 πολλάν,η’
402 3048 430 3105 δὲ
445 3048 528 3108 ἵππος
540 3045 659 3122 ὕστερον
670 3046 828 3123 ὁρμηθεῖσα
839 3045 981 3103 ἐπιπίπτει

179 3138 256 3193 τοῖσι
265 3133 401 3209 Ἕλλησι·
423 3133 485 3193 τότε
508 3133 542 3208 δὴ
564 3134 644 3212 ἔργον
659 3139 709 3208 τῆς
724 3134 810 3192 ἵππου
824 3137 908 3192 τοῦτο
922 3133 982 3212 ε’γέ·

179 3247 252 3280 νετο·
274 3221 319 3278 καὶ
340 3221 532 3297 τετραμμένων
555 3225 610 3279 τῶν
632 3220 784 3295 Ἑλλήνων,
810 3220 826 3279 ό
847 3219 982 3282 Ἱστιαῖος

180 3309 298 3376 ἐλπίζων
312 3307 360 3366 οάκ
374 3308 547 3367 ἀπολέεσθαι
565 3306 620 3365 find
632 3308 773 3382 βασιλέος
787 3306 832 3366 διά
846 3305 897 3381 τὴν
911 3331 981 3382 παρ-
