<?xml version="1.0" encoding="UTF-8"?>
<!DOCTYPE html PUBLIC "-//W3C//DTD XHTML 1.0 Transitional//EN"
    "http://www.w3.org/TR/xhtml1/DTD/xhtml1-transitional.dtd">
<html xmlns="http://www.w3.org/1999/xhtml" xml:lang="en" lang="en">
 <head>
  <title>
</title>
<meta http-equiv="Content-Type" content="text/html;charset=utf-8" />
  <meta name='ocr-system' content='tesseract 3.04.00' />
  <meta name='ocr-capabilities' content='ocr_page ocr_carea ocr_par ocr_line ocrx_word'/>
</head>
<body>
  <div class='ocr_page' id='page_1' title='image "./herodotusrecens00blakgoog_0270.png"; bbox 0 0 2282 3550; ppageno 0'>
   <div class='ocr_carea' id='block_1_1' title="bbox 115 151 1004 3396">
    <p class='ocr_par' dir='ltr' id='par_1_1' title="bbox 190 151 993 1105">
     <span class='ocr_line' id='line_1_1' title="bbox 192 151 992 215; baseline -0.001 -14"><span class='ocrx_word' id='word_1_1' title='bbox 192 154 239 202; x_wconf 73' lang='lat'>262</span> <span class='ocrx_word' id='word_1_2' title='bbox 497 151 679 202; x_wconf 77' lang='grc' dir='ltr'>ἨΡΟΔΟΤΟΤ</span> <span class='ocrx_word' id='word_1_3' title='bbox 901 151 992 215; x_wconf 81' lang='lat' dir='ltr'>[VIII.</span> 
     </span>
     <span class='ocr_line' id='line_1_2' title="bbox 190 229 993 313; baseline 0 -21"><span class='ocrx_word' id='word_1_4' title='bbox 190 236 267 292; x_wconf 80' lang='grc' dir='ltr'>τοῖσι</span> <span class='ocrx_word' id='word_1_5' title='bbox 287 231 401 312; x_wconf 90' lang='grc' dir='ltr'>λόγοισι</span> <span class='ocrx_word' id='word_1_6' title='bbox 421 229 457 291; x_wconf 84' lang='grc' dir='ltr'>τά</span> <span class='ocrx_word' id='word_1_7' title='bbox 476 233 543 313; x_wconf 79' lang='grc' dir='ltr'>ἔργα</span> <span class='ocrx_word' id='word_1_8' title='bbox 566 230 734 308; x_wconf 86' lang='grc' dir='ltr'>πειρώμενον</span> <span class='ocrx_word' id='word_1_9' title='bbox 754 229 848 307; x_wconf 83' lang='grc' dir='ltr'>όμοῖα.</span> <span class='ocrx_word' id='word_1_10' title='bbox 869 231 993 308; x_wconf 82' lang='grc' dir='ltr'>’ταύτην</span> 
     </span>
     <span class='ocr_line' id='line_1_3' title="bbox 190 318 992 399; baseline 0 -19"><span class='ocrx_word' id='word_1_11' title='bbox 190 323 241 396; x_wconf 73' lang='grc' dir='ltr'>μέν</span> <span class='ocrx_word' id='word_1_12' title='bbox 256 319 308 396; x_wconf 82' lang='grc' dir='ltr'>τήν</span> <span class='ocrx_word' id='word_1_13' title='bbox 321 318 427 397; x_wconf 80' lang='grc' dir='ltr'>ἡμέρην</span> <span class='ocrx_word' id='word_1_14' title='bbox 445 325 472 382; x_wconf 82' lang='grc' dir='ltr'>ἐς</span> <span class='ocrx_word' id='word_1_15' title='bbox 489 323 611 380; x_wconf 80' lang='grc' dir='ltr'>τοσοῦτο</span> <span class='ocrx_word' id='word_1_16' title='bbox 628 320 743 399; x_wconf 84' lang='grc' dir='ltr'>ἐγίνετο·</span> <span class='ocrx_word' id='word_1_17' title='bbox 769 323 820 394; x_wconf 78' lang='grc' dir='ltr'>τῆς</span> <span class='ocrx_word' id='word_1_18' title='bbox 838 319 867 378; x_wconf 81' lang='grc' dir='ltr'>δέ</span> <span class='ocrx_word' id='word_1_19' title='bbox 886 320 992 389; x_wconf 88' lang='grc' dir='ltr'>νυκτός,</span> 
     </span>
     <span class='ocr_line' id='line_1_4' title="bbox 193 407 992 488; baseline 0.003 -22"><span class='ocrx_word' id='word_1_20' title='bbox 193 407 377 470; x_wconf 78' lang='grc' dir='ltr'>κελεύσαντος</span> <span class='ocrx_word' id='word_1_21' title='bbox 394 409 533 483; x_wconf 77' lang='grc' dir='ltr'>βασιλέος</span> <span class='ocrx_word' id='word_1_22' title='bbox 545 407 595 470; x_wconf 86' lang='grc' dir='ltr'>τάς</span> <span class='ocrx_word' id='word_1_23' title='bbox 608 411 676 484; x_wconf 78' lang='grc' dir='ltr'>νῆας</span> <span class='ocrx_word' id='word_1_24' title='bbox 690 410 716 466; x_wconf 79' lang='grc' dir='ltr'>οἱ</span> <span class='ocrx_word' id='word_1_25' title='bbox 730 407 884 488; x_wconf 83' lang='grc' dir='ltr'>στρατηγοὶ</span> <span class='ocrx_word' id='word_1_26' title='bbox 898 413 928 467; x_wconf 84' lang='grc' dir='ltr'>ἐκ</span> <span class='ocrx_word' id='word_1_27' title='bbox 942 413 992 468; x_wconf 79' lang='grc' dir='ltr'>τού</span> 
     </span>
     <span class='ocr_line' id='line_1_5' title="bbox 191 494 993 578; baseline 0 -24"><span class='ocrx_word' id='word_1_28' title='bbox 191 495 324 573; x_wconf 88' lang='grc' dir='ltr'>Φαλήρου</span> <span class='ocrx_word' id='word_1_29' title='bbox 350 494 461 578; x_wconf 76' lang='grc' dir='ltr'>ἀπῆγον</span> <span class='ocrx_word' id='word_1_30' title='bbox 481 495 573 556; x_wconf 87' lang='grc' dir='ltr'>όπίσω</span> <span class='ocrx_word' id='word_1_31' title='bbox 594 501 621 559; x_wconf 88' lang='grc' dir='ltr'>ἐς</span> <span class='ocrx_word' id='word_1_32' title='bbox 641 495 690 562; x_wconf 76' lang='grc' dir='ltr'>τόν</span> <span class='ocrx_word' id='word_1_33' title='bbox 710 494 935 571; x_wconf 83' lang='grc' dir='ltr'>Ἑλλήσποντον,</span> <span class='ocrx_word' id='word_1_34' title='bbox 958 495 993 560; x_wconf 72' lang='grc' dir='ltr'>οἷς</span> 
     </span>
     <span class='ocr_line' id='line_1_6' title="bbox 194 582 992 664; baseline -0.001 -20"><span class='ocrx_word' id='word_1_35' title='bbox 194 583 289 664; x_wconf 84' lang='grc' dir='ltr'>τείχεος</span> <span class='ocrx_word' id='word_1_36' title='bbox 304 583 361 664; x_wconf 75' lang='grc' dir='ltr'>εἶχε</span> <span class='ocrx_word' id='word_1_37' title='bbox 377 585 501 658; x_wconf 74' lang='grc' dir='ltr'>ἕκαστος,</span> <span class='ocrx_word' id='word_1_38' title='bbox 514 583 741 661; x_wconf 75' lang='grc' dir='ltr'>διαφυλαξούσας</span> <span class='ocrx_word' id='word_1_39' title='bbox 750 582 801 647; x_wconf 89' lang='grc' dir='ltr'>τάς</span> <span class='ocrx_word' id='word_1_40' title='bbox 814 582 929 662; x_wconf 82' lang='grc' dir='ltr'>σχεδίας</span> <span class='ocrx_word' id='word_1_41' title='bbox 942 610 992 643; x_wconf 91' lang='grc' dir='ltr'>πο-</span> 
     </span>
     <span class='ocr_line' id='line_1_7' title="bbox 191 669 993 754; baseline 0.006 -23"><span class='ocrx_word' id='word_1_42' title='bbox 191 674 323 750; x_wconf 79' lang='grc' dir='ltr'>ρευθῆναι</span> <span class='ocrx_word' id='word_1_43' title='bbox 341 673 471 749; x_wconf 81' lang='grc' dir='ltr'>βασιλέϊ.</span> <span class='ocrx_word' id='word_1_44' title='bbox 507 674 566 732; x_wconf 87' lang='grc' dir='ltr'>ἐπεὶ</span> <span class='ocrx_word' id='word_1_45' title='bbox 587 671 616 732; x_wconf 82' lang='grc' dir='ltr'>δέ</span> <span class='ocrx_word' id='word_1_46' title='bbox 638 670 728 754; x_wconf 82' lang='grc' dir='ltr'>ἀγχοῦ</span> <span class='ocrx_word' id='word_1_47' title='bbox 748 669 823 748; x_wconf 81' lang='grc' dir='ltr'>ἡσαν</span> <span class='ocrx_word' id='word_1_48' title='bbox 843 675 993 749; x_wconf 77' lang='grc' dir='ltr'>Ζωστῆρος</span> 
     </span>
     <span class='ocr_line' id='line_1_8' title="bbox 190 758 992 841; baseline -0.002 -22"><span class='ocrx_word' id='word_1_49' title='bbox 190 761 332 825; x_wconf 89' lang='grc' dir='ltr'>πλώοντες</span> <span class='ocrx_word' id='word_1_50' title='bbox 349 765 376 821; x_wconf 83' lang='grc' dir='ltr'>οἱ</span> <span class='ocrx_word' id='word_1_51' title='bbox 392 759 547 838; x_wconf 77' lang='grc' dir='ltr'>βάρβαροι,</span> <span class='ocrx_word' id='word_1_52' title='bbox 566 761 741 821; x_wconf 80' lang='grc' dir='ltr'>ἀνατείνουσι</span> <span class='ocrx_word' id='word_1_53' title='bbox 756 758 812 841; x_wconf 85' lang='grc' dir='ltr'>γάρ</span> <span class='ocrx_word' id='word_1_54' title='bbox 830 759 912 834; x_wconf 76' lang='grc' dir='ltr'>ἄκραι</span> <span class='ocrx_word' id='word_1_55' title='bbox 925 764 992 818; x_wconf 84' lang='grc' dir='ltr'>λεπ-</span> 
     </span>
     <span class='ocr_line' id='line_1_9' title="bbox 190 846 993 927; baseline 0 -19"><span class='ocrx_word' id='word_1_56' title='bbox 190 851 237 908; x_wconf 80' lang='grc' dir='ltr'>ταὶ</span> <span class='ocrx_word' id='word_1_57' title='bbox 256 853 306 925; x_wconf 79' lang='grc' dir='ltr'>τῆς</span> <span class='ocrx_word' id='word_1_58' title='bbox 326 849 450 927; x_wconf 90' lang='grc' dir='ltr'>ἡπείρου,</span> <span class='ocrx_word' id='word_1_59' title='bbox 472 848 573 912; x_wconf 89' lang='grc' dir='ltr'>ταύτας</span> <span class='ocrx_word' id='word_1_60' title='bbox 594 847 690 918; x_wconf 79' lang='grc' dir='ltr'>ἐδοξάν</span> <span class='ocrx_word' id='word_1_61' title='bbox 709 875 740 908; x_wconf 91' lang='grc' dir='ltr'>τε</span> <span class='ocrx_word' id='word_1_62' title='bbox 760 851 828 924; x_wconf 78' lang='grc' dir='ltr'>νῆας</span> <span class='ocrx_word' id='word_1_63' title='bbox 848 846 924 919; x_wconf 76' lang='grc' dir='ltr'>εἶναι,</span> <span class='ocrx_word' id='word_1_64' title='bbox 946 849 993 908; x_wconf 80' lang='grc' dir='ltr'>καὶ</span> 
     </span>
     <span class='ocr_line' id='line_1_10' title="bbox 191 934 992 1018; baseline 0.001 -22"><span class='ocrx_word' id='word_1_65' title='bbox 191 938 309 1018; x_wconf 83' lang='grc' dir='ltr'>ἔφευγον</span> <span class='ocrx_word' id='word_1_66' title='bbox 330 939 375 996; x_wconf 85' lang='grc' dir='ltr'>ἐπὶ</span> <span class='ocrx_word' id='word_1_67' title='bbox 389 936 508 997; x_wconf 87' lang='grc' dir='ltr'>πολλόν·</span> <span class='ocrx_word' id='word_1_68' title='bbox 530 936 620 1017; x_wconf 77' lang='grc' dir='ltr'>χρόνῳ</span> <span class='ocrx_word' id='word_1_69' title='bbox 634 937 664 996; x_wconf 80' lang='grc' dir='ltr'>δὲ</span> <span class='ocrx_word' id='word_1_70' title='bbox 676 936 814 1013; x_wconf 81' lang='grc' dir='ltr'>μαθόντες</span> <span class='ocrx_word' id='word_1_71' title='bbox 827 934 870 996; x_wconf 85' lang='grc' dir='ltr'>ὅτι</span> <span class='ocrx_word' id='word_1_72' title='bbox 883 934 916 994; x_wconf 89' lang='grc' dir='ltr'>ου’</span> <span class='ocrx_word' id='word_1_73' title='bbox 930 939 992 1012; x_wconf 76' lang='grc' dir='ltr'>νῆες</span> 
     </span>
     <span class='ocr_line' id='line_1_11' title="bbox 192 1025 825 1105; baseline 0 -21"><span class='ocrx_word' id='word_1_74' title='bbox 192 1025 245 1086; x_wconf 76' lang='grc' dir='ltr'>εἶεν</span> <span class='ocrx_word' id='word_1_75' title='bbox 256 1025 320 1085; x_wconf 81' lang='grc' dir='ltr'>ἀλλ’</span> <span class='ocrx_word' id='word_1_76' title='bbox 335 1025 424 1103; x_wconf 82' lang='grc' dir='ltr'>ἀκραι,</span> <span class='ocrx_word' id='word_1_77' title='bbox 440 1027 643 1105; x_wconf 74' lang='grc' dir='ltr'>συλλεχθέντες</span> <span class='ocrx_word' id='word_1_78' title='bbox 657 1025 825 1102; x_wconf 72' lang='grc' dir='ltr'>ἐκομίζοντο.</span> 
     </span>
    </p>

    <p class='ocr_par' dir='ltr' id='par_1_2' title="bbox 145 1111 1004 3043">
     <span class='ocr_line' id='line_1_12' title="bbox 145 1111 992 1194; baseline -0.002 -22"><span class='ocrx_word' id='word_1_79' title='bbox 145 1116 202 1174; x_wconf 90' lang='grc'>108</span> <span class='ocrx_word' id='word_1_80' title='bbox 244 1113 292 1177; x_wconf 87' lang='grc' dir='ltr'>Ὡς</span> <span class='ocrx_word' id='word_1_81' title='bbox 306 1113 335 1172; x_wconf 81' lang='grc' dir='ltr'>δὲ</span> <span class='ocrx_word' id='word_1_82' title='bbox 348 1113 438 1191; x_wconf 87' lang='grc' dir='ltr'>ἡμέρη</span> <span class='ocrx_word' id='word_1_83' title='bbox 453 1114 569 1194; x_wconf 90' lang='grc' dir='ltr'>ἐγένετο,</span> <span class='ocrx_word' id='word_1_84' title='bbox 584 1113 709 1191; x_wconf 74' lang='grc' dir='ltr'>ὁρέοντες</span> <span class='ocrx_word' id='word_1_85' title='bbox 722 1116 749 1172; x_wconf 85' lang='grc' dir='ltr'>οἱ</span> <span class='ocrx_word' id='word_1_86' title='bbox 763 1112 902 1188; x_wconf 82' lang='grc' dir='ltr'>Ἕλληνες</span> <span class='ocrx_word' id='word_1_87' title='bbox 922 1111 992 1172; x_wconf 85' lang='grc' dir='ltr'>κατά</span> 
     </span>
     <span class='ocr_line' id='line_1_13' title="bbox 194 1199 993 1280; baseline 0 -20"><span class='ocrx_word' id='word_1_88' title='bbox 194 1201 288 1280; x_wconf 92' lang='grc' dir='ltr'>χώρην</span> <span class='ocrx_word' id='word_1_89' title='bbox 305 1203 424 1280; x_wconf 90' lang='grc' dir='ltr'>μένοντα</span> <span class='ocrx_word' id='word_1_90' title='bbox 441 1201 491 1262; x_wconf 84' lang='grc' dir='ltr'>τόν</span> <span class='ocrx_word' id='word_1_91' title='bbox 505 1202 627 1278; x_wconf 82' lang='grc' dir='ltr'>στρατόν</span> <span class='ocrx_word' id='word_1_92' title='bbox 645 1201 694 1262; x_wconf 85' lang='grc' dir='ltr'>τάν</span> <span class='ocrx_word' id='word_1_93' title='bbox 707 1201 800 1273; x_wconf 82' lang='grc' dir='ltr'>πεζόν,</span> <span class='ocrx_word' id='word_1_94' title='bbox 813 1199 932 1277; x_wconf 80' lang='grc' dir='ltr'>ἤλπιζον</span> <span class='ocrx_word' id='word_1_95' title='bbox 947 1202 993 1260; x_wconf 83' lang='grc' dir='ltr'>καὶ</span> 
     </span>
     <span class='ocr_line' id='line_1_14' title="bbox 190 1288 994 1368; baseline -0.002 -19"><span class='ocrx_word' id='word_1_96' title='bbox 190 1291 240 1352; x_wconf 85' lang='grc' dir='ltr'>τάς</span> <span class='ocrx_word' id='word_1_97' title='bbox 254 1294 322 1366; x_wconf 80' lang='grc' dir='ltr'>νῆας</span> <span class='ocrx_word' id='word_1_98' title='bbox 336 1291 405 1350; x_wconf 83' lang='grc' dir='ltr'>εἶναι</span> <span class='ocrx_word' id='word_1_99' title='bbox 415 1290 479 1367; x_wconf 82' lang='grc' dir='ltr'>περὶ</span> <span class='ocrx_word' id='word_1_100' title='bbox 489 1289 629 1367; x_wconf 80' lang='grc' dir='ltr'>Φάληρον·</span> <span class='ocrx_word' id='word_1_101' title='bbox 645 1289 753 1350; x_wconf 86' lang='grc' dir='ltr'>ἐδόκεόν</span> <span class='ocrx_word' id='word_1_102' title='bbox 762 1315 793 1350; x_wconf 90' lang='grc' dir='ltr'>τε</span> <span class='ocrx_word' id='word_1_103' title='bbox 802 1288 994 1368; x_wconf 81' lang='grc' dir='ltr'>ναυμαχήσειν</span> 
     </span>
     <span class='ocr_line' id='line_1_15' title="bbox 192 1376 993 1456; baseline 0.001 -21"><span class='ocrx_word' id='word_1_104' title='bbox 192 1379 292 1453; x_wconf 88' lang='grc' dir='ltr'>σφέας,</span> <span class='ocrx_word' id='word_1_105' title='bbox 314 1379 503 1456; x_wconf 90' lang='grc' dir='ltr'>παραρτέοντό</span> <span class='ocrx_word' id='word_1_106' title='bbox 526 1404 557 1437; x_wconf 92' lang='grc' dir='ltr'>τε</span> <span class='ocrx_word' id='word_1_107' title='bbox 581 1377 616 1441; x_wconf 88' lang='grc' dir='ltr'>ώς</span> <span class='ocrx_word' id='word_1_108' title='bbox 639 1376 852 1454; x_wconf 77' lang='grc' dir='ltr'>ἀλεξησόμενοι·</span> <span class='ocrx_word' id='word_1_109' title='bbox 882 1378 941 1436; x_wconf 85' lang='grc' dir='ltr'>ἐπεὶ</span> <span class='ocrx_word' id='word_1_110' title='bbox 964 1377 993 1436; x_wconf 82' lang='grc' dir='ltr'>δέ</span> 
     </span>
     <span class='ocr_line' id='line_1_16' title="bbox 193 1465 993 1545; baseline 0 -21"><span class='ocrx_word' id='word_1_111' title='bbox 193 1465 326 1526; x_wconf 90' lang='grc' dir='ltr'>ἐπύθοντο</span> <span class='ocrx_word' id='word_1_112' title='bbox 348 1466 398 1530; x_wconf 85' lang='grc' dir='ltr'>τάς</span> <span class='ocrx_word' id='word_1_113' title='bbox 420 1472 488 1542; x_wconf 75' lang='grc' dir='ltr'>νῆας</span> <span class='ocrx_word' id='word_1_114' title='bbox 513 1467 664 1545; x_wconf 83' lang='grc' dir='ltr'>οἰχωκυίας,</span> <span class='ocrx_word' id='word_1_115' title='bbox 687 1465 784 1525; x_wconf 89' lang='grc' dir='ltr'>αύτίκα</span> <span class='ocrx_word' id='word_1_116' title='bbox 811 1466 882 1542; x_wconf 86' lang='grc' dir='ltr'>μετά</span> <span class='ocrx_word' id='word_1_117' title='bbox 906 1470 993 1525; x_wconf 82' lang='grc' dir='ltr'>ταῦτα</span> 
     </span>
     <span class='ocr_line' id='line_1_17' title="bbox 193 1552 994 1632; baseline 0 -20"><span class='ocrx_word' id='word_1_118' title='bbox 193 1553 284 1612; x_wconf 83' lang='grc' dir='ltr'>ἐδόκεε</span> <span class='ocrx_word' id='word_1_119' title='bbox 302 1553 462 1614; x_wconf 79' lang='grc' dir='ltr'>ἐπιδιώκειν·</span> <span class='ocrx_word' id='word_1_120' title='bbox 483 1553 533 1614; x_wconf 84' lang='grc' dir='ltr'>τόν</span> <span class='ocrx_word' id='word_1_121' title='bbox 548 1556 600 1631; x_wconf 88' lang='grc' dir='ltr'>μέν</span> <span class='ocrx_word' id='word_1_122' title='bbox 618 1580 666 1614; x_wconf 90' lang='grc' dir='ltr'>νυν</span> <span class='ocrx_word' id='word_1_123' title='bbox 683 1552 811 1632; x_wconf 77' lang='grc' dir='ltr'>ναυτικόν</span> <span class='ocrx_word' id='word_1_124' title='bbox 823 1553 873 1612; x_wconf 84' lang='grc' dir='ltr'>τόν</span> <span class='ocrx_word' id='word_1_125' title='bbox 886 1553 994 1630; x_wconf 81' lang='grc' dir='ltr'>Ξέρξεω</span> 
     </span>
     <span class='ocr_line' id='line_1_18' title="bbox 194 1640 995 1721; baseline -0.001 -22"><span class='ocrx_word' id='word_1_126' title='bbox 194 1641 316 1718; x_wconf 84' lang='grc' dir='ltr'>στρατόν</span> <span class='ocrx_word' id='word_1_127' title='bbox 331 1640 381 1700; x_wconf 88' lang='grc' dir='ltr'>ούκ</span> <span class='ocrx_word' id='word_1_128' title='bbox 396 1643 504 1701; x_wconf 81' lang='grc' dir='ltr'>ἐπεῖδον</span> <span class='ocrx_word' id='word_1_129' title='bbox 522 1642 667 1711; x_wconf 82' lang='grc' dir='ltr'>διώξοντες</span> <span class='ocrx_word' id='word_1_130' title='bbox 681 1641 765 1721; x_wconf 91' lang='grc' dir='ltr'>μέχρι</span> <span class='ocrx_word' id='word_1_131' title='bbox 778 1640 907 1716; x_wconf 77' lang='grc' dir='ltr'>Ἄνδρου,</span> <span class='ocrx_word' id='word_1_132' title='bbox 924 1645 950 1704; x_wconf 85' lang='grc' dir='ltr'>ἐς</span> <span class='ocrx_word' id='word_1_133' title='bbox 965 1641 995 1699; x_wconf 85' lang='grc' dir='ltr'>δὲ</span> 
     </span>
     <span class='ocr_line' id='line_1_19' title="bbox 192 1727 995 1807; baseline -0.005 -18"><span class='ocrx_word' id='word_1_134' title='bbox 192 1727 369 1807; x_wconf 74' lang='grc' dir='ltr'>τὴνἊνδρον</span> <span class='ocrx_word' id='word_1_135' title='bbox 379 1729 543 1807; x_wconf 86' lang='grc' dir='ltr'>ἀπικόμενοι</span> <span class='ocrx_word' id='word_1_136' title='bbox 554 1729 748 1806; x_wconf 76' lang='grc' dir='ltr'>ἐβουλεύοντο.</span> <span class='ocrx_word' id='word_1_137' title='bbox 786 1730 995 1805; x_wconf 80' lang='grc' dir='ltr'>Θεμιστοκλέης</span> 
     </span>
     <span class='ocr_line' id='line_1_20' title="bbox 195 1815 997 1899; baseline 0.002 -23"><span class='ocrx_word' id='word_1_138' title='bbox 195 1819 247 1892; x_wconf 91' lang='grc' dir='ltr'>μέν</span> <span class='ocrx_word' id='word_1_139' title='bbox 260 1843 309 1878; x_wconf 91' lang='grc' dir='ltr'>νυν</span> <span class='ocrx_word' id='word_1_140' title='bbox 321 1818 433 1899; x_wconf 81' lang='grc' dir='ltr'>γνώμην</span> <span class='ocrx_word' id='word_1_141' title='bbox 447 1818 633 1887; x_wconf 85' lang='grc' dir='ltr'>ἀπεδείκνυτο,</span> <span class='ocrx_word' id='word_1_142' title='bbox 645 1817 690 1877; x_wconf 85' lang='grc' dir='ltr'>διά</span> <span class='ocrx_word' id='word_1_143' title='bbox 701 1817 794 1893; x_wconf 87' lang='grc' dir='ltr'>νήσων</span> <span class='ocrx_word' id='word_1_144' title='bbox 806 1815 997 1894; x_wconf 79' lang='grc' dir='ltr'>τραπομένους</span> 
     </span>
     <span class='ocr_line' id='line_1_21' title="bbox 194 1903 997 1982; baseline -0.002 -18"><span class='ocrx_word' id='word_1_145' title='bbox 194 1906 240 1964; x_wconf 86' lang='grc' dir='ltr'>καὶ</span> <span class='ocrx_word' id='word_1_146' title='bbox 265 1906 460 1976; x_wconf 74' lang='grc' dir='ltr'>ἐπιδιώξαντας</span> <span class='ocrx_word' id='word_1_147' title='bbox 480 1906 530 1968; x_wconf 84' lang='grc' dir='ltr'>τάς</span> <span class='ocrx_word' id='word_1_148' title='bbox 551 1909 618 1982; x_wconf 82' lang='grc' dir='ltr'>νῆας</span> <span class='ocrx_word' id='word_1_149' title='bbox 639 1905 743 1964; x_wconf 87' lang='grc' dir='ltr'>πλώειν</span> <span class='ocrx_word' id='word_1_150' title='bbox 772 1905 847 1968; x_wconf 83' lang='grc' dir='ltr'>ἰθέως</span> <span class='ocrx_word' id='word_1_151' title='bbox 874 1905 919 1964; x_wconf 82' lang='grc' dir='ltr'>ἐπὶ</span> <span class='ocrx_word' id='word_1_152' title='bbox 945 1903 997 1964; x_wconf 83' lang='grc' dir='ltr'>τάν</span> 
     </span>
     <span class='ocr_line' id='line_1_22' title="bbox 195 1992 996 2074; baseline 0 -22"><span class='ocrx_word' id='word_1_153' title='bbox 195 1993 420 2071; x_wconf 80' lang='grc' dir='ltr'>Ἑλλήσποντον,</span> <span class='ocrx_word' id='word_1_154' title='bbox 436 1994 576 2058; x_wconf 91' lang='grc' dir='ltr'>λύσοντας</span> <span class='ocrx_word' id='word_1_155' title='bbox 593 1994 644 2057; x_wconf 90' lang='grc' dir='ltr'>τάς</span> <span class='ocrx_word' id='word_1_156' title='bbox 661 1993 795 2074; x_wconf 81' lang='grc' dir='ltr'>γεφύρας·</span> <span class='ocrx_word' id='word_1_157' title='bbox 819 1992 996 2070; x_wconf 71' lang='grc' dir='ltr'>Εὐρυβιάδης</span> 
     </span>
     <span class='ocr_line' id='line_1_23' title="bbox 194 2080 996 2164; baseline 0 -25"><span class='ocrx_word' id='word_1_158' title='bbox 194 2081 224 2140; x_wconf 80' lang='grc' dir='ltr'>δὲ</span> <span class='ocrx_word' id='word_1_159' title='bbox 241 2083 292 2157; x_wconf 85' lang='grc' dir='ltr'>τήν</span> <span class='ocrx_word' id='word_1_160' title='bbox 311 2083 435 2159; x_wconf 87' lang='grc' dir='ltr'>ἐναντίην</span> <span class='ocrx_word' id='word_1_161' title='bbox 453 2082 540 2162; x_wconf 81' lang='grc' dir='ltr'>ταύτῃ</span> <span class='ocrx_word' id='word_1_162' title='bbox 553 2081 666 2164; x_wconf 83' lang='grc' dir='ltr'>γνώμην</span> <span class='ocrx_word' id='word_1_163' title='bbox 679 2082 792 2154; x_wconf 85' lang='grc' dir='ltr'>ἐτίθετο,</span> <span class='ocrx_word' id='word_1_164' title='bbox 809 2081 907 2160; x_wconf 88' lang='grc' dir='ltr'>λέγων,</span> <span class='ocrx_word' id='word_1_165' title='bbox 923 2080 959 2144; x_wconf 82' lang='grc' dir='ltr'>ώς</span> <span class='ocrx_word' id='word_1_166' title='bbox 972 2086 996 2140; x_wconf 81' lang='grc' dir='ltr'>εἰ</span> 
     </span>
     <span class='ocr_line' id='line_1_24' title="bbox 195 2167 996 2250; baseline 0.001 -23"><span class='ocrx_word' id='word_1_167' title='bbox 195 2169 318 2229; x_wconf 86' lang='grc' dir='ltr'>λύσουσι</span> <span class='ocrx_word' id='word_1_168' title='bbox 343 2169 395 2233; x_wconf 89' lang='grc' dir='ltr'>τάς</span> <span class='ocrx_word' id='word_1_169' title='bbox 421 2170 542 2249; x_wconf 89' lang='grc' dir='ltr'>σχεδίας,</span> <span class='ocrx_word' id='word_1_170' title='bbox 564 2170 638 2229; x_wconf 82' lang='grc' dir='ltr'>τοῦτ’</span> <span class='ocrx_word' id='word_1_171' title='bbox 665 2168 699 2230; x_wconf 74' lang='grc' dir='ltr'>ἂν</span> <span class='ocrx_word' id='word_1_172' title='bbox 726 2169 862 2250; x_wconf 87' lang='grc' dir='ltr'>μέγιστον</span> <span class='ocrx_word' id='word_1_173' title='bbox 887 2167 996 2228; x_wconf 85' lang='grc' dir='ltr'>πόντων</span> 
     </span>
     <span class='ocr_line' id='line_1_25' title="bbox 194 2254 998 2339; baseline -0.002 -23"><span class='ocrx_word' id='word_1_174' title='bbox 194 2261 279 2333; x_wconf 83' lang='grc' dir='ltr'>σφεῖς</span> <span class='ocrx_word' id='word_1_175' title='bbox 298 2258 382 2317; x_wconf 86' lang='grc' dir='ltr'>κακόν</span> <span class='ocrx_word' id='word_1_176' title='bbox 399 2259 451 2334; x_wconf 83' lang='grc' dir='ltr'>τήν</span> <span class='ocrx_word' id='word_1_177' title='bbox 464 2258 591 2318; x_wconf 78' lang='grc' dir='ltr'>Ἑλλάδα</span> <span class='ocrx_word' id='word_1_178' title='bbox 611 2257 786 2339; x_wconf 79' lang='grc' dir='ltr'>ἐργάσαιντο·</span> <span class='ocrx_word' id='word_1_179' title='bbox 809 2261 833 2316; x_wconf 85' lang='grc' dir='ltr'>εἰ</span> <span class='ocrx_word' id='word_1_180' title='bbox 844 2255 900 2336; x_wconf 81' lang='grc' dir='ltr'>γάρ</span> <span class='ocrx_word' id='word_1_181' title='bbox 914 2254 998 2338; x_wconf 88' lang='grc' dir='ltr'>ἀναγ-</span> 
     </span>
     <span class='ocr_line' id='line_1_26' title="bbox 195 2343 998 2423; baseline -0.002 -19"><span class='ocrx_word' id='word_1_182' title='bbox 195 2346 313 2421; x_wconf 88' lang='grc' dir='ltr'>κασθείη</span> <span class='ocrx_word' id='word_1_183' title='bbox 320 2344 520 2423; x_wconf 78' lang='grc' dir='ltr'>ἀπολαμφθεὶς</span> <span class='ocrx_word' id='word_1_184' title='bbox 530 2346 545 2406; x_wconf 86' lang='grc' dir='ltr'>ό</span> <span class='ocrx_word' id='word_1_185' title='bbox 557 2347 672 2423; x_wconf 87' lang='grc' dir='ltr'>Πέρσης</span> <span class='ocrx_word' id='word_1_186' title='bbox 679 2347 771 2422; x_wconf 92' lang='grc' dir='ltr'>μένειν</span> <span class='ocrx_word' id='word_1_187' title='bbox 782 2349 810 2404; x_wconf 91' lang='grc' dir='ltr'>ἐν</span> <span class='ocrx_word' id='word_1_188' title='bbox 820 2347 855 2422; x_wconf 82' lang='grc' dir='ltr'>τῇ</span> <span class='ocrx_word' id='word_1_189' title='bbox 866 2343 998 2423; x_wconf 76' lang='grc' dir='ltr'>Εὐρώπη,</span> 
     </span>
     <span class='ocr_line' id='line_1_27' title="bbox 197 2431 999 2514; baseline 0 -22"><span class='ocrx_word' id='word_1_190' title='bbox 197 2437 315 2512; x_wconf 76' lang='grc' dir='ltr'>πειρῷτο</span> <span class='ocrx_word' id='word_1_191' title='bbox 335 2431 370 2492; x_wconf 73' lang='grc' dir='ltr'>ἂν</span> <span class='ocrx_word' id='word_1_192' title='bbox 392 2433 514 2514; x_wconf 87' lang='grc' dir='ltr'>ἡσυχίην</span> <span class='ocrx_word' id='word_1_193' title='bbox 535 2435 575 2511; x_wconf 88' lang='grc' dir='ltr'>μὴ</span> <span class='ocrx_word' id='word_1_194' title='bbox 598 2432 684 2514; x_wconf 75' lang='grc' dir='ltr'>ἄγειν·</span> <span class='ocrx_word' id='word_1_195' title='bbox 717 2433 752 2497; x_wconf 73' lang='grc' dir='ltr'>οἷς</span> <span class='ocrx_word' id='word_1_196' title='bbox 774 2433 869 2514; x_wconf 79' lang='grc' dir='ltr'>ἄγοντι</span> <span class='ocrx_word' id='word_1_197' title='bbox 891 2432 944 2508; x_wconf 91' lang='grc' dir='ltr'>μέν</span> <span class='ocrx_word' id='word_1_198' title='bbox 971 2436 999 2493; x_wconf 84' lang='grc' dir='ltr'>οἱ</span> 
     </span>
     <span class='ocr_line' id='line_1_28' title="bbox 196 2520 1000 2600; baseline 0 -20"><span class='ocrx_word' id='word_1_199' title='bbox 196 2520 324 2600; x_wconf 88' lang='grc' dir='ltr'>ἡσυχίην,</span> <span class='ocrx_word' id='word_1_200' title='bbox 353 2521 416 2582; x_wconf 86' lang='grc' dir='ltr'>ούτε</span> <span class='ocrx_word' id='word_1_201' title='bbox 442 2548 470 2582; x_wconf 90' lang='grc' dir='ltr'>τι</span> <span class='ocrx_word' id='word_1_202' title='bbox 496 2523 675 2600; x_wconf 43' lang='grc' dir='ltr'>προχωρέειν,</span> <span class='ocrx_word' id='word_1_203' title='bbox 693 2521 751 2582; x_wconf 86' lang='grc' dir='ltr'>οἶόν</span> <span class='ocrx_word' id='word_1_204' title='bbox 778 2546 809 2581; x_wconf 90' lang='grc' dir='ltr'>τε</span> <span class='ocrx_word' id='word_1_205' title='bbox 836 2522 916 2580; x_wconf 84' lang='grc' dir='ltr'>ἐσται</span> <span class='ocrx_word' id='word_1_206' title='bbox 942 2525 1000 2580; x_wconf 78' lang='grc' dir='ltr'>τῶν</span> 
     </span>
     <span class='ocr_line' id='line_1_29' title="bbox 195 2608 1000 2690; baseline -0.001 -21"><span class='ocrx_word' id='word_1_207' title='bbox 195 2610 373 2690; x_wconf 84' lang='grc' dir='ltr'>πρηγμάτων,</span> <span class='ocrx_word' id='word_1_208' title='bbox 393 2609 455 2670; x_wconf 78' lang='grc' dir='ltr'>οὔτε</span> <span class='ocrx_word' id='word_1_209' title='bbox 478 2636 520 2673; x_wconf 92' lang='grc' dir='ltr'>τις</span> <span class='ocrx_word' id='word_1_210' title='bbox 542 2609 641 2687; x_wconf 83' lang='grc' dir='ltr'>κομιδή</span> <span class='ocrx_word' id='word_1_211' title='bbox 663 2609 696 2670; x_wconf 81' lang='grc' dir='ltr'>τό</span> <span class='ocrx_word' id='word_1_212' title='bbox 718 2609 809 2670; x_wconf 84' lang='grc' dir='ltr'>ὀπίσω</span> <span class='ocrx_word' id='word_1_213' title='bbox 832 2608 1000 2685; x_wconf 88' lang='grc' dir='ltr'>φανήσεται,</span> 
     </span>
     <span class='ocr_line' id='line_1_30' title="bbox 196 2698 1000 2776; baseline 0.001 -20"><span class='ocrx_word' id='word_1_214' title='bbox 196 2702 270 2776; x_wconf 80' lang='grc' dir='ltr'>λιμῷ</span> <span class='ocrx_word' id='word_1_215' title='bbox 296 2700 329 2758; x_wconf 89' lang='grc' dir='ltr'>τέ</span> <span class='ocrx_word' id='word_1_216' title='bbox 351 2702 377 2758; x_wconf 84' lang='grc' dir='ltr'>οἶ</span> <span class='ocrx_word' id='word_1_217' title='bbox 397 2699 416 2775; x_wconf 89' lang='grc' dir='ltr'>ἡ</span> <span class='ocrx_word' id='word_1_218' title='bbox 438 2699 557 2776; x_wconf 83' lang='grc' dir='ltr'>στρατιή</span> <span class='ocrx_word' id='word_1_219' title='bbox 579 2699 787 2776; x_wconf 88' lang='grc' dir='ltr'>διαφθαρέεται·</span> <span class='ocrx_word' id='word_1_220' title='bbox 815 2698 1000 2776; x_wconf 77' lang='grc' dir='ltr'>ἐπιχειρέοντι</span> 
     </span>
     <span class='ocr_line' id='line_1_31' title="bbox 196 2784 1003 2867; baseline 0.002 -23"><span class='ocrx_word' id='word_1_221' title='bbox 196 2786 225 2845; x_wconf 82' lang='grc' dir='ltr'>δὲ</span> <span class='ocrx_word' id='word_1_222' title='bbox 247 2785 319 2864; x_wconf 77' lang='grc' dir='ltr'>αύτῷ</span> <span class='ocrx_word' id='word_1_223' title='bbox 341 2788 387 2845; x_wconf 87' lang='grc' dir='ltr'>καὶ</span> <span class='ocrx_word' id='word_1_224' title='bbox 414 2788 495 2867; x_wconf 84' lang='grc' dir='ltr'>ἔργου</span> <span class='ocrx_word' id='word_1_225' title='bbox 518 2788 648 2866; x_wconf 84' lang='grc' dir='ltr'>ἐχομένῳ,</span> <span class='ocrx_word' id='word_1_226' title='bbox 670 2785 762 2846; x_wconf 79' lang='grc' dir='ltr'>πάντα</span> <span class='ocrx_word' id='word_1_227' title='bbox 785 2784 822 2845; x_wconf 89' lang='grc' dir='ltr'>τά</span> <span class='ocrx_word' id='word_1_228' title='bbox 847 2785 918 2843; x_wconf 89' lang='grc' dir='ltr'>κατά</span> <span class='ocrx_word' id='word_1_229' title='bbox 946 2784 1003 2860; x_wconf 84' lang='grc' dir='ltr'>τήν</span> 
     </span>
     <span class='ocr_line' id='line_1_32' title="bbox 196 2873 1003 2952; baseline 0.002 -20"><span class='ocrx_word' id='word_1_230' title='bbox 196 2873 333 2951; x_wconf 83' lang='grc' dir='ltr'>Εύρώπην</span> <span class='ocrx_word' id='word_1_231' title='bbox 347 2875 392 2934; x_wconf 81' lang='grc' dir='ltr'>οἷό</span> <span class='ocrx_word' id='word_1_232' title='bbox 405 2902 434 2935; x_wconf 92' lang='grc' dir='ltr'>τε</span> <span class='ocrx_word' id='word_1_233' title='bbox 448 2876 528 2935; x_wconf 87' lang='grc' dir='ltr'>ἐσται</span> <span class='ocrx_word' id='word_1_234' title='bbox 546 2878 752 2952; x_wconf 81' lang='grc' dir='ltr'>προσχωρῆσαι</span> <span class='ocrx_word' id='word_1_235' title='bbox 770 2873 841 2933; x_wconf 85' lang='grc' dir='ltr'>κατά</span> <span class='ocrx_word' id='word_1_236' title='bbox 854 2873 956 2936; x_wconf 82' lang='grc' dir='ltr'>πόλιάς</span> <span class='ocrx_word' id='word_1_237' title='bbox 969 2899 1003 2934; x_wconf 89' lang='grc' dir='ltr'>τε</span> 
     </span>
     <span class='ocr_line' id='line_1_33' title="bbox 197 2960 1004 3043; baseline 0.004 -24"><span class='ocrx_word' id='word_1_238' title='bbox 197 2963 243 3020; x_wconf 85' lang='grc' dir='ltr'>καὶ</span> <span class='ocrx_word' id='word_1_239' title='bbox 261 2963 331 3022; x_wconf 88' lang='grc' dir='ltr'>κατοὶ</span> <span class='ocrx_word' id='word_1_240' title='bbox 349 2963 435 3032; x_wconf 83' lang='grc' dir='ltr'>ἔθνεα,</span> <span class='ocrx_word' id='word_1_241' title='bbox 448 2961 511 3038; x_wconf 85' lang='grc' dir='ltr'>ἦτοι</span> <span class='ocrx_word' id='word_1_242' title='bbox 529 2961 721 3038; x_wconf 83' lang='grc' dir='ltr'>ἀλισκομένων</span> <span class='ocrx_word' id='word_1_243' title='bbox 735 2988 768 3043; x_wconf 87' lang='grc' dir='ltr'>γε</span> <span class='ocrx_word' id='word_1_244' title='bbox 786 2960 805 3038; x_wconf 81' lang='grc' dir='ltr'>ἡ</span> <span class='ocrx_word' id='word_1_245' title='bbox 823 2961 878 3038; x_wconf 82' lang='grc' dir='ltr'>πρό</span> <span class='ocrx_word' id='word_1_246' title='bbox 899 2961 1004 3022; x_wconf 86' lang='grc' dir='ltr'>τούτου</span> 
     </span>
    </p>

    <p class='ocr_par' dir='ltr' id='par_1_3' title="bbox 115 3047 1003 3396">
     <span class='ocr_line' id='line_1_34' title="bbox 115 3047 1003 3129; baseline 0.003 -22"><span class='ocrx_word' id='word_1_247' title='bbox 115 3113 117 3118; x_wconf 50' lang='grc'>,</span> <span class='ocrx_word' id='word_1_248' title='bbox 196 3047 415 3129; x_wconf 81' lang='grc' dir='ltr'>ὁμολογεόντων·</span> <span class='ocrx_word' id='word_1_249' title='bbox 439 3050 549 3126; x_wconf 85' lang='grc' dir='ltr'>τροφήν</span> <span class='ocrx_word' id='word_1_250' title='bbox 568 3076 599 3110; x_wconf 92' lang='grc' dir='ltr'>τε</span> <span class='ocrx_word' id='word_1_251' title='bbox 619 3050 688 3120; x_wconf 80' lang='grc' dir='ltr'>ἕξειν</span> <span class='ocrx_word' id='word_1_252' title='bbox 706 3052 799 3126; x_wconf 88' lang='grc' dir='ltr'>σφέας</span> <span class='ocrx_word' id='word_1_253' title='bbox 812 3049 862 3110; x_wconf 81' lang='grc' dir='ltr'>τόν</span> <span class='ocrx_word' id='word_1_254' title='bbox 876 3050 1003 3110; x_wconf 78' lang='grc' dir='ltr'>ἐπέτειον</span> 
     </span>
     <span class='ocr_line' id='line_1_35' title="bbox 197 3136 1003 3220; baseline 0.005 -28"><span class='ocrx_word' id='word_1_255' title='bbox 197 3137 249 3193; x_wconf 82' lang='grc' dir='ltr'>αἰεὶ</span> <span class='ocrx_word' id='word_1_256' title='bbox 266 3141 322 3196; x_wconf 81' lang='grc' dir='ltr'>τῶν</span> <span class='ocrx_word' id='word_1_257' title='bbox 339 3136 484 3213; x_wconf 85' lang='grc' dir='ltr'>Ἑλλήνων</span> <span class='ocrx_word' id='word_1_258' title='bbox 502 3137 617 3216; x_wconf 86' lang='grc' dir='ltr'>καρπόν·</span> <span class='ocrx_word' id='word_1_259' title='bbox 638 3137 716 3197; x_wconf 85' lang='grc' dir='ltr'>ἀλλά</span> <span class='ocrx_word' id='word_1_260' title='bbox 733 3139 837 3198; x_wconf 87' lang='grc' dir='ltr'>δοκέειν</span> <span class='ocrx_word' id='word_1_261' title='bbox 854 3137 910 3220; x_wconf 87' lang='grc' dir='ltr'>γάρ</span> <span class='ocrx_word' id='word_1_262' title='bbox 926 3163 1003 3214; x_wconf 85' lang='grc' dir='ltr'>νικη-</span> 
     </span>
     <span class='ocr_line' id='line_1_36' title="bbox 198 3222 1003 3305; baseline 0.007 -25"><span class='ocrx_word' id='word_1_263' title='bbox 198 3222 280 3280; x_wconf 78' lang='grc' dir='ltr'>θέντα</span> <span class='ocrx_word' id='word_1_264' title='bbox 300 3228 335 3300; x_wconf 80' lang='grc' dir='ltr'>τῇ</span> <span class='ocrx_word' id='word_1_265' title='bbox 356 3227 494 3302; x_wconf 85' lang='grc' dir='ltr'>ναυμαχίῃ</span> <span class='ocrx_word' id='word_1_266' title='bbox 516 3225 548 3284; x_wconf 86' lang='grc' dir='ltr'>ού</span> <span class='ocrx_word' id='word_1_267' title='bbox 568 3227 673 3301; x_wconf 87' lang='grc' dir='ltr'>μενέειν</span> <span class='ocrx_word' id='word_1_268' title='bbox 694 3231 724 3285; x_wconf 90' lang='grc' dir='ltr'>ἐν</span> <span class='ocrx_word' id='word_1_269' title='bbox 745 3230 781 3304; x_wconf 78' lang='grc' dir='ltr'>τῇ</span> <span class='ocrx_word' id='word_1_270' title='bbox 803 3225 924 3305; x_wconf 85' lang='grc' dir='ltr'>Εύρώπη</span> <span class='ocrx_word' id='word_1_271' title='bbox 952 3227 1003 3287; x_wconf 83' lang='grc' dir='ltr'>τάν</span> 
     </span>
     <span class='ocr_line' id='line_1_37' title="bbox 199 3309 1001 3396; baseline 0.015 -33"><span class='ocrx_word' id='word_1_272' title='bbox 199 3309 321 3382; x_wconf 87' lang='grc' dir='ltr'>Πέρσεα·</span> <span class='ocrx_word' id='word_1_273' title='bbox 344 3315 437 3369; x_wconf 86' lang='grc' dir='ltr'>ἐατέον</span> <span class='ocrx_word' id='word_1_274' title='bbox 454 3310 490 3370; x_wconf 75' lang='grc' dir='ltr'>ἀν</span> <span class='ocrx_word' id='word_1_275' title='bbox 509 3310 577 3372; x_wconf 75' lang='grc' dir='ltr'>εἶναι</span> <span class='ocrx_word' id='word_1_276' title='bbox 595 3313 708 3393; x_wconf 83' lang='grc' dir='ltr'>φεύγειν</span> <span class='ocrx_word' id='word_1_277' title='bbox 727 3319 754 3378; x_wconf 91' lang='grc' dir='ltr'>ἐς</span> <span class='ocrx_word' id='word_1_278' title='bbox 772 3313 788 3374; x_wconf 83' lang='grc' dir='ltr'>δ</span> <span class='ocrx_word' id='word_1_279' title='bbox 805 3315 874 3394; x_wconf 80' lang='grc' dir='ltr'>ἔλθη</span> <span class='ocrx_word' id='word_1_280' title='bbox 889 3313 1001 3396; x_wconf 79' lang='grc' dir='ltr'>φεύγων</span> 
     </span>
    </p>
   </div>
   <div class='ocr_carea' id='block_1_2' title="bbox 0 0 1154 3550">
    <p class='ocr_par' dir='ltr' id='par_1_4' title="bbox 0 0 1154 3550">
     <span class='ocr_line' id='line_1_38' title="bbox 0 0 1154 3550; baseline 0 0"><span class='ocrx_word' id='word_1_281' title='bbox 0 0 1154 3550; x_wconf 95' lang='lat' dir='ltr'> </span> 
     </span>
    </p>
   </div>
  </div>
 </body>
</html>
