2282 3550
150 152 293 216 ιιι-ιιι]
456 150 641 200 nomm.
906 147 954 196 ιιι

150 234 210 296 νέες
224 234 300 309 τρεῖς
312 229 482 306 Ἑλληνίδες,
497 230 646 308 Τροιζηνίη
659 252 690 287 τε
707 227 753 286 καὶ
767 226 896 308 Αἰγιναίη
910 226 956 286 καὶ

149 318 275 395 Ἀττική·
296 318 457 394 προῖδόντες
475 318 505 377 δὲ
524 315 601 377 οὗτοι
618 315 670 378 τοὶς
690 315 752 378 νέας
771 317 826 374 τῶν
841 313 955 391 βαρβά·

148 434 212 484 ρων,
232 413 260 470 ἐς
279 404 373 488 φυγῆν
392 404 535 483 ῶρμησαν·
563 403 621 480 Τὴν
638 401 742 480 μὲνδὴ
761 402 931 480 Τροιζηνίην,
945 404 1003 462 180

148 501 199 571 τῆς
211 495 283 574 ἦρχε
299 494 449 570 Πρηξῖνος,
466 493 564 553 αὐτίκα
583 493 709 570 αἱρέουσι
727 491 910 568 ἐπισπόμενοι
929 493 956 552 οἱ

149 583 307 660 βάρβαροι·
342 582 389 640 καὶ
416 582 510 640 ἔπειτα
537 586 592 641 τῶν
619 579 775 656 ἐπιβατέων
798 578 883 655 αὗτῆς
905 579 955 642 τόν

150 669 375 730 καλλιστεύοντα
392 668 544 750 ἀγαγόντες
562 668 608 728 ἐπὶ
627 671 678 744 τῆς
692 667 803 745 τριόρης
820 671 870 743 τῆς
891 666 956 746 νηός

150 759 285 835 ἔσφαξαν,
303 758 439 827 διαδέξιον
452 750 611 832 ποιεύμενοι
628 756 678 816 τόν
692 756 770 815 εἶλον
783 759 838 816 τῶν
851 754 960 833 Ἕλλη-1

149 872 202 906 νιον
221 850 334 923 πρῶτον
358 846 404 904 καὶ
431 845 597 904 κάλλιστον·
638 847 677 922 τῷ
696 843 725 902 δέ
746 843 955 924 σφαγιασθέντι

149 934 238 1014 τούτῳ
253 933 360 1010 οὔνομα
373 932 408 1010 ἦν
421 934 508 992 Λέων·
529 932 603 1011 τάχα
617 931 640 991 δ’
654 930 688 990 ἄν
705 957 733 990 τι
752 931 861 992 καὶτοῦ
878 929 954 992 οὖνό·

149 1047 237 1098 ματος
251 1021 409 1099 ἐπαύροιτο·
443 1020 480 1080 Ἡ
497 1021 527 1080 δέ
541 1021 678 1102 Αἰγιναίη,
692 1023 743 1095 τῆς
757 1018 934 1098 ἐτριηράρχεε
944 1019 998 1076 181

149 1111 310 1186 Ἀσωνῶης,
330 1112 378 1169 καί
395 1108 457 1169 τινά
477 1116 534 1186 σφι
555 1109 678 1186 θόρυβον
698 1107 832 1186 παρέσχε,
855 1106 954 1170 Πυθέω

149 1202 200 1258 τοῦ
220 1197 367 1277 Ἰσχενόου
391 1197 606 1274 ἐπιβατεύοντος
622 1196 720 1272 ἀνδρὸς
738 1194 855 1271 ἀρίστου
877 1221 953 1276 γενο·

148 1287 235 1363 μένου
247 1287 351 1362 ταύτην
363 1286 415 1362 τὴν
425 1285 586 1363 ἡμέρην·,δς
596 1284 690 1360 ἐπειδὴ
701 1283 719 1359 ἡ
730 1288 796 1346 ναῦς
805 1283 951 1360 ἡλίσκετο,

150 1380 178 1438 ἐς
197 1380 282 1436 τοῦτο
303 1375 413 1453 ἀντεῖχε
433 1375 601 1454 μαχόμενος,
624 1378 651 1436 ἐς
675 1372 691 1433 ὃ
715 1372 953 1453 κατεκρεουργήθη

150 1463 232 1527 ἅπας·
254 1463 289 1527 ῶς
302 1463 332 1522 δέ
345 1463 441 1523 πεσῶν
454 1461 503 1522 οὐκ
518 1462 640 1522 α’πέθανε
657 1461 723 1520 ἀλλ’
737 1460 771 1536 ἦν
785 1462 911 1538 ἔμπνοος,
926 1464 952 1520 οἶ

151 1552 272 1629 Πέρσαι,
290 1551 369 1628 οἵπερ
389 1550 559 1628 ἐπεβάτευον
576 1551 621 1609 ἐπὶ
639 1553 694 1610 τῶν
711 1553 785 1620 νεῶν,
805 1548 839 1608 δι’
852 1548 953 1625 ἀρετὴν

149 1639 202 1715 τήν
221 1641 326 1700 ἐκείνου
346 1639 532 1717 περιποιῆσαί
550 1665 599 1716 μιν
618 1638 682 1714 περὶ
702 1637 839 1697 πλείστου
860 1636 952 1712 ἐποιή-

149 1754 247 1798 σαντο,
269 1728 414 1808 σμόρνησί
427 1753 458 1787 τε
480 1727 589 1804 ἐώμενοι
606 1725 642 1786 τό
660 1727 743 1786 ἐλκεα
764 1726 810 1784 καὶ
826 1725 953 1788 σινδόνος

149 1817 293 1892 βυσσίνης
318 1819 464 1894 τελαμῶσι
492 1816 727 1876 κατειλίσσοντες·
763 1814 811 1872 καί
835 1838 891 1890 μιν,
917 1813 953 1878 ῶς

149 1903 242 1964 όπίσω
263 1903 396 1964 ἀπίκοντο
413 1909 440 1968 ἐς
459 1904 492 1964 τό
511 1906 616 1962 ἐωυτῶν
633 1901 832 1978 στρατόπεδον,
852 1901 953 1962 ἐπεδεί-

150 2017 257 2052 κνυσαν
290 1991 511 2073 ἐκπαγλεόμενοι
540 1990 620 2070 πόση
646 1993 682 2069 vij
708 1993 836 2068 στρατιῇ,
863 1992 952 2068 περιέ-

149 2106 250 2144 ποντες
270 2087 310 2140 εὖ·
330 2081 395 2143 τούς
414 2080 445 2139 δὲ
464 2078 571 2142 ἄλλους
590 2078 655 2141 τούς
675 2079 782 2154 ἔλαβον
803 2083 832 2138 ἐν
851 2081 887 2157 τῇ
908 2079 953 2156 νηῒ

148 2169 238 2248 ταόιη
251 2172 394 2245 περιεῖπον
405 2167 440 2230 ῶς
454 2166 622 2244 ἀνδράποδα.
658 2168 695 2224 Αἱ
707 2168 759 2242 μὲν
772 2165 806 2242 δὴ
816 2165 865 2225 δύο
877 2170 933 2228 τῶν
943 2170 998 2227 182

148 2260 218 2315 νεῶν
231 2255 303 2316 οὕτω
317 2254 515 2334 ἐχειρώθησαν·
536 2253 598 2330 ἡδὲ
610 2253 697 2330 τρίτη,
711 2257 761 2328 τῆς
775 2253 952 2334 ἐτριηράρχεε

149 2343 270 2420 Φόρμος,
288 2342 358 2419 α’νηρ
370 2342 525 2419 Ἀθηναῖος,
541 2342 688 2422 φεύγουσα
705 2342 847 2410 ἐξοκέλλει
863 2347 891 2406 ἐς
902 2342 953 2407 τάς

148 2430 279 2508 ἐσβολάς
291 2435 341 2491 τοῦ
355 2434 487 2506 Πηνειοῦ·
509 2430 618 2489 καὶτοῦ
630 2432 681 2506 μὲν
697 2429 823 2504 σκάφεος
839 2430 952 2508 ἐκράτη·

147 2545 206 2580 σαν
224 2523 252 2579 οἱ
269 2518 417 2597 βάρβαροι
429 2523 484 2579 τῶν
505 2519 534 2578 δὲ
548 2517 654 2594 α’νδρῶν
668 2517 709 2577 οὔ·
732 2517 767 2581 οἷς
782 2519 837 2599 γάρ
852 2518 886 2595 δὴ
904 2519 951 2580 τό·

147 2633 238 2688 χιστα
251 2607 404 2667 ἐπώκειλαν
419 2606 471 2683 τὴν
484 2608 533 2667 νέα
549 2609 576 2665 οἱ
589 2605 740 2682 Ἀθηναῖοι,
756 2605 948 2682 ἀποθορόντες,

147 2695 220 2756 κατά
238 2695 404 2770 Θεσσαλίην
422 2693 602 2772 πορευόμενοι
619 2694 812 2769 ἐκομίσθησαν
830 2697 857 2756 ἐς
869 2692 950 2770 Ἀθή-

147 2809 206 2847 νας.
248 2787 337 2843 ταῦτα
351 2786 378 2842 οἱ
391 2782 531 2859 Ἕλληνες
545 2785 571 2842 οἱ
590 2781 632 2841 ἐπ’
645 2781 814 2859 Ἀρτεμισίῳ
832 2805 950 2858 στρατο·

145 2869 325 2948 πεδενάμενοι
340 2872 525 2931 πυνθάνονται
543 2870 619 2946 παρὰ
639 2872 755 2946 πυρσῶν
774 2872 804 2926 ἐκ
819 2868 950 2933 Σκιάθου·

145 2958 300 3035 πυθόμενοι
320 2958 350 3018 δέ
368 2960 414 3018 καὶ
435 2957 705 3034 καταρρωδήσαντες,
719 2955 775 3016 ἀπό
792 2960 843 3016 τοῦ
855 2954 950 3035 Ἀρτε·

145 3048 245 3124 μισίου
268 3047 472 3123 μετορμίζοντο
496 3051 523 3108 ἐς
547 3045 685 3114 Χαλκίδα,
707 3042 879 3118 φυλάξοντες
899 3049 952 3123 μὲν

144 3135 195 3194 τόν
222 3132 355 3210 Εὔριπον,
377 3134 521 3194 λείποντες
542 3133 572 3190 δέ
595 3129 808 3206 ἡμεροσκόπους
830 3131 895 3206 περὶ
914 3133 950 3190 τά

144 3221 244 3298 ὑψηλά
258 3224 309 3296 τῆς
322 3219 453 3294 Εὐβοίης.
491 3223 553 3277 Τῶν
570 3218 600 3275 δὲ
616 3217 682 3274 δέκα
702 3219 769 3274 νεῶν
788 3218 843 3274 τῶν
858 3217 930 3292 βαρ-
941 3220 998 3276 183

142 3309 244 3381 βάρων
260 3310 334 3381 τρεῖς
352 3307 497 3364 ἐπέλασαν
514 3303 580 3378 περὶ
597 3300 631 3360 τδ
651 3301 721 3375 ἕρμα
739 3301 772 3358 τό
785 3301 891 3374 μεταξι)
905 3301 951 3361 ε’δν
