2282 3550
163 139 270 205 27-32]
501 119 653 188 ουιωκικ.
913 141 960 188 ‘231

162 220 371 299 ἐσβάλλοντας·
392 222 419 280 οἶ
432 219 469 290 δὲ,
481 218 517 283 οἷς
529 217 757 296 ἀναρπασόμενοι
769 217 835 281 τοῦς
844 220 963 288 Φωκέας,

162 309 313 386 φερόμενοι
333 309 472 370 ἐσέπεσον
492 313 520 371 ἐς
538 306 604 370 τούς
624 305 778 384 α’μφορέας·
800 308 917 368 ἐνθαῦτα
937 309 964 366 οἱ

164 399 243 457 ἵπποι
270 398 306 457 τό
332 398 438 456 σκέλεα
467 395 670 472 διεφθάρησαν.
712 394 822 455 Τούτων
848 394 882 472 δή
908 401 964 471 σφι
973 397 1010 453 29

163 485 328 562 ἀμφοτέρων
342 486 478 564 ἔχοντες
465 510 579 564 εγκοτον
593 486 619 542 οἱ
637 490 718 542 Θεσσ
774 484 792 553 ὶ,
806 484 965 562 πέμψαντες

164 573 269 652 κη’ρυκα
285 573 419 654 ἠγόρευον
440 572 515 632 τάδε·
541 581 558 606 “
574 570 587 595 ’
568 573 720 640 ωΦωκέες,
734 570 787 647 ἤδη
805 599 832 632 τι
850 576 964 650 μᾶλλον

163 662 369 742 γνωσιμαχέετε
382 659 464 738 μὴ’
438 686 507 720 ειναι
520 657 614 736 όμοῖοι
631 657 708 736 ἡμῖν·
729 660 854 737 πρόσθεν
866 688 897 720 τε
909 661 964 744 γόρ

164 755 192 808 ἐν
207 754 285 810 τοῖσι
298 749 435 825 Ἕλλησι,
454 747 526 808 ὅσον
543 747 645 826 χρόνον
664 751 753 806 ἐκεῖνα
773 747 840 824 ἡμῖν
857 748 963 824 ἥνδανε,
1008 802 1013 808 .

163 839 251 898 πλέον
269 839 325 898 αἰεί
342 863 405 896 κοτε
421 835 512 914 όμέων
532 835 698 912 ἐφερόμεθα·
724 839 772 895 νῦν
789 862 820 895 τε
838 835 914 913 παρό
927 840 965 917 τῷ

163 926 303 1005 βαρβάρῳ
325 929 464 985 τοσοῦτον
487 923 634 1000 δυνώμεθα,
657 923 729 983 ὥστε
750 923 792 984 ἐπ’
813 923 881 1001 ἡμῖν
903 930 964 985 ἐστι

163 1018 212 1089 τῆς
238 1019 327 1094 γῆς.
317 1039 349 1072 τε
376 1014 546 1090 ἐστερῆσθαι
576 1013 622 1070 καὶ
648 1012 718 1090 πρός
744 1011 965 1089 ἠνδραποδίσθαι

163 1100 257 1178 όμέας·
279 1102 361 1179 ἡμέες
373 1103 469 1178 μέντοι
482 1101 515 1160 τό
534 1105 591 1160 ποῖν
610 1102 718 1179 ἔχοντες
736 1099 767 1160 οὐ
783 1103 966 1177 μνησικακέο-

163 1215 224 1264 μεν·
258 1190 323 1250 ἀλλ’
349 1190 419 1268 ἡμῖν
445 1187 613 1271 γενέσθω
596 1188 653 1248 αντ’
681 1187 770 1248 αότῶν
795 1215 967 1264 πεντηκοντα

164 1278 319 1339 ταλαντα’
302 1305 442 1361 αργυριου,
457 1279 502 1336 καὶ
515 1278 580 1356 ὑμῖν
598 1275 840 1354 ὑποδεκόμεθα
805 1305 840 1337 τα
854 1278 966 1338 ἐπιόντα

165 1367 211 1428 ἐπὶ
223 1367 275 1443 τήν
287 1368 380 1446 χώρην
394 1365 586 1444 όποτρέψειν.”

204 1455 300 1515 Ταῦτά
320 1462 376 1531 σφι
397 1455 607 1535 ἐπαγγέλλοντο
629 1456 655 1512 οἱ
675 1455 832 1513 Θεσσαλοί·
853 1456 892 1534 (οἱ
911 1455 965 1535 γὰρ
975 1458 1013 1515 30

164 1543 270 1606 Φωκέες
285 1549 384 1620 μοῦνοι
404 1547 459 1602 τῶν
478 1541 565 1620 ταύτῃ
586 1539 738 1618 ἀνθρώπων
758 1540 808 1601 οὐκ
829 1542 965 1620 ἐμήδιζον,

165 1631 223 1691 κατ’
258 1630 333 1691 ἄλλο
366 1634 418 1709 μέν
438 1629 539 1714 ,ου’δέν,
572 1629 607 1692 ώς
629 1629 695 1710 ’ἐγώ
728 1631 967 1709 συμβαλλόμενος

165 1719 291 1797 εόρίσκω,
319 1719 390 1779 κατὰ
417 1720 446 1779 δὲ
469 1718 502 1779 τό
531 1719 612 1797 ἔχθος
632 1717 665 1778 τό
688 1723 854 1779 Θεσσαλόν·
890 1725 914 1778 εἰ
937 1720 966 1778 δέ

164 1808 312 1867 Θεσσαλοὶ
332 1806 377 1867 τό
402 1807 547 1883 Ἑλλήνων
577 1805 669 1882 ηὖξον,
704 1806 739 1869 ώς
766 1808 828 1883 ἐμοὶ
855 1807 965 1878 δοκέειν,

165 1895 294 1972 ἐμήδιζον
320 1894 354 1956 ἂν
380 1899 407 1955 οἶ
434 1897 560 1975 Φωκέες)
601 1899 688 1954 ταῦτα
719 1897 968 1976 ἐπαγγελλομένων

165 1989 331 2055 Θεσσαλῶν,
352 1983 414 2044 οίντε
434 1983 533 2043 δώσειν
553 1986 664 2059 ἔφασαν
684 1983 815 2062 χρήματα
836 1983 967 2062 παρέχειν

164 2073 197 2131 τέ
226 2079 283 2149 σφι
317 2075 497 2132 Θεσσαλοῖσι
532 2072 632 2149 ὁμοίως
665 2071 796 2148 μηδίζειν,
825 2076 848 2129 εἰ
874 2070 966 2136 ἄλλως

164 2161 330 2236 βουλοίατο·
351 2159 417 2220 ἀλλ’
431 2159 479 2220 οὐκ
494 2161 611 2219 ἔσεσθαι
628 2159 734 2222 ἑκόντες
752 2159 821 2218 εἶναι
834 2159 967 2236 προδόται

164 2253 214 2324 τῆς
235 2249 383 2312 Ἑλλάδος.
425 2249 538 2324 Ἐπειδὴ
562 2249 591 2307 δὲ
614 2248 818 2326 ἀνηνείχθησαν
841 2245 917 2308 οὗτοι
941 2253 1011 2310 οί31

164 2336 256 2418 λόγοι,
285 2336 355 2396 οὕτω
381 2337 415 2414 δὴ
444 2341 470 2396 οἱ
498 2338 644 2396 Θεσσαλοὶ
676 2337 862 2416 κεχολωμένοι
890 2343 967 2399 τοῖσι

165 2429 301 2496 Φωκεῦσι,
319 2426 446 2506 ἐγένοντο
463 2425 596 2506 ἡγεμόνες
615 2429 654 2504 τῷ
671 2425 813 2505 βορβόρῳ
828 2431 878 2503 τῆς
891 2427 965 2487 ὁδοῦ·

166 2519 196 2572 ἐκ
213 2516 265 2592 μέν
283 2513 317 2589 δὴ
335 2519 385 2590 τῆς
403 2515 551 2593 Τρηχινίης
573 2519 600 2577 ἐς
616 2514 667 2590 τήν
686 2515 796 2592 Δωρίδα
816 2517 967 2590 ἐσέβαλον·

165 2605 215 2677 τῆς
227 2601 284 2684 γόρ
299 2603 421 2679 Δωρίδος
435 2602 526 2682 χώρης
539 2602 645 2662 ποδεών
659 2603 767 2664 στεινός
785 2602 871 2681 ταύτῃ
885 2629 967 2662 κατα-

164 2691 255 2760 τείνει,
283 2689 318 2753 ώς
344 2690 492 2768 τριήκοντα
518 2691 638 2758 σταδίων
665 2689 793 2768 μα’λιστιί
820 2716 854 2765 κη
881 2689 966 2766 εὖρος,

166 2779 289 2854 κείμενος
308 2779 412 2856 μεταξύ
433 2783 483 2854 τῆς
504 2807 535 2840 τε
558 2781 687 2855 Μηλίδος
708 2779 753 2836 καὶ
775 2783 825 2854 τῆς
847 2779 967 2842 Φωκίδος

164 2867 265 2945 χώρης,
277 2867 348 2944 ἥπερ
362 2865 397 2943 ἦν
410 2865 442 2927 τό
453 2867 575 2928 παλαιόν
586 2868 718 2945 Δρυοπίς·
735 2866 753 2942 ή
768 2867 797 2925 δὲ
811 2865 887 2944 χώρη
898 2865 967 2942 αὕτη

166 2956 227 3015 ἐστὶ
254 2956 428 3034 μητρόπολις
456 2959 583 3035 Δωριέων
609 2959 664 3015 τῶν
690 2961 719 3014 ἐν
747 2954 965 3034 Πελοποννήσῳ.

165 3041 268 3119 ταίπην
282 3042 319 3103 ὦν
331 3043 382 3119 τήν
398 3046 508 3121 Δωρίδα
521 3049 574 3124 γῆν
588 3043 637 3103 οόκ
653 3045 780 3102 ἐσίναντο
795 3042 966 3117 ἐσβαλόντες

166 3133 194 3189 οἶ
208 3132 366 3210 βάρβαροι·
394 3133 522 3208 ἐμήδιζόν
540 3159 570 3190 τε
591 3132 653 3211 γόρ,
668 3131 714 3188 καὶ
728 3129 777 3188 οὐκ
792 3129 881 3187 ἐδόκεε
895 3136 966 3187 Θεσ-

165 3223 295 3279 σαλοῖσι.
336 3219 385 3282 Ὡς
411 3219 441 3278 δὲ
462 3225 492 3278 ἐκ
514 3224 565 3292 τῆς
589 3217 711 3292 Δωριδος
735 3220 762 3278 ἐς
784 3215 836 3290 τήν
858 3215 966 3273 Φωκίδα
976 3218 1014 3272 32

167 3307 319 3384 ἐσέβαλον,
333 3306 432 3370 αότούς
445 3309 497 3383 μὲν
509 3304 573 3367 τούς
588 3303 699 3364 Φωκέας
715 3300 765 3360 ου’κ
784 3302 918 3378 αἱρέουσι·
941 3305 967 3360 οἱ
