2276 3554
170 160 311 226 126-128]
523 141 637 212 υνιυυ.
911 166 963 215 m

167 242 300 320 Ἀμύριος
311 248 363 304 τοῦ
375 249 472 321 σοφοῦ
485 247 639 326 λεγομένου
655 243 731 309 πόῖς·
751 242 828 305 οὗτοι
847 248 900 324 μίν
911 246 969 307 ιίπό

163 329 290 407 Ἰταλίης
303 330 402 408 ἦλθον.
443 338 473 392 έκ
487 332 517 392 δὲ
528 338 579 392 τοῦ
594 333 702 393 κόλπου
715 336 766 393 τοῦ
778 331 887 404 Ἰονίου,
900 333 968 413 Ἀμ-

123 411 125 418 ’
167 421 328 496 φίμιηστος
347 419 542 498 Ἐπιστρόφου
565 419 758 498 Ἐπιδάμνιος·
782 411 862 486 οὗτος
885 422 916 482 δὲ
939 427 970 482 έκ

165 512 217 567 τοῦ
240 507 341 568 Ἰονίου
365 507 482 568 κόλπου.
524 508 649 572 Αἰτωλός
673 509 702 567 δὲ
726 508 806 585 ἦλθε,
830 508 970 588 Τιτόρμου

165 599 216 654 τοῦ
229 595 405 674 ὑπερφύντος
417 589 448 656 τε
456 596 602 672 Ἕλληνας
616 597 694 676 ἰσχύϊ
707 598 753 655 καί
766 596 905 678 φυγόντος
921 597 968 658 ἅν-

167 683 295 760 θριύπους
308 689 335 747 ές
347 685 545 762 τᾶςέσχατιάς
556 688 607 760 τῆς
620 685 772 748 Αἰτωλίδος
791 685 891 764 χιύρης,
905 684 968 745 τού-

165 796 218 830 του
237 775 288 830 τού
304 771 443 848 Τιτόρμου
465 771 603 848 ἀδελφεός
622 771 735 848 Μάλης·
756 771 812 832 α’πιί
832 773 862 832 δέ
876 778 969 832 Πελο-

166 859 320 936 ποννήσου,
347 860 480 924 Φείδωνος
506 864 557 921 τοῦ
582 859 715 941 Ἀργείων
741 860 875 938 τυράννου
901 861 968 926 πιίίς

166 946 323 1024 Λεωκήδης,
347 949 481 1012 Φείδωνος
505 947 535 1008 δὲ
557 952 608 1008 τού
630 948 666 1008 τιί
687 949 776 1026 μέτρα
797 948 968 1025 ποιήσαντος

167 1036 429 1112 Πελοποννησίοισι
443 1037 488 1095 καὶ
501 1035 673 1113 ὑβρίσαντος
684 1039 807 1116 μέγιστα
821 1036 969 1112 δήἙλλή-

166 1149 221 1182 νων
233 1123 370 1194 ἁπάντων,
385 1124 416 1188 ὃς
430 1125 623 1201 ἐξαναστήσας
642 1125 707 1189 τούς
725 1124 845 1185 Ἠλείων
865 1124 967 1205 ἀγωνο-

168 1211 250 1274 θέτας
270 1212 353 1276 αὐτὸς
372 1213 422 1273 τιίν
440 1217 469 1273 έν
480 1212 625 1292 Ὀλυμπίῃ
642 1212 735 1294 ιίγῶνα
756 1213 846 1288 ἔθηκε·
867 1212 970 1274 τούτου

166 1324 199 1358 τε
222 1299 256 1376 δὴ
280 1301 353 1370 πόῖς,
378 1301 423 1360 καὶ
445 1299 593 1377 Ἀμίαντος
618 1302 788 1382 Λυκούργου,
813 1299 917 1378 Ἀρκιίς
939 1305 968 1360 ίκ

166 1390 385 1464 Τραπεζοῦντος·
406 1389 453 1448 καί
465 1388 550 1464 Ἀζῆν
563 1394 592 1449 έκ
604 1391 696 1448 Παίου
710 1388 810 1452 πόλιος
823 1388 967 1466 Λαφάνης,

166 1474 348 1554 Εὐφορίωνος
359 1481 410 1536 τοῦ
424 1477 573 1554 δεξαμένου
584 1503 617 1536 τε
635 1475 683 1554 (οἷς
696 1476 781 1557 λόγος
795 1482 823 1536 έν
836 1476 969 1556 Ἀρκαδίῃ

166 1564 293 1644 λέγεται)
305 1564 370 1628 τούς
387 1565 577 1642 Διοσκούρους
597 1566 711 1624 οἰκίοισι
732 1565 778 1623 καί
795 1565 852 1624 ἀπό
869 1564 969 1623 τούτου

167 1651 385 1720 ξεινοδοκέοντος
397 1652 503 1716 πάντας
518 1652 687 1730 ἀνθρώπους·
709 1653 755 1712 καί
764 1652 878 1715 Ἠλεῖος
890 1651 969 1711 Ὀνο·

166 1739 278 1816 μαστιίς
290 1739 415 1822 Ἀγαίου·
437 1738 514 1800 οὗτοι
532 1744 584 1818 μὲν
597 1740 630 1816 δή
645 1741 676 1811 έξ
688 1739 773 1816 αύτῆς
787 1738 967 1814 Πελοποννη-

167 1853 223 1886 σου
243 1826 339 1903 ἦλθον.
365 1833 412 1888 ’έκ
436 1827 466 1888 δὲ
486 1826 626 1904 Ἀθηνέων
647 1827 781 1888 ἀπίκοντο
802 1827 970 1907 Μεγακλέης
1003 1843 1005 1846 “

166 1941 199 1975 τε
212 1915 228 1975 ὃ
240 1913 431 1993 Ἀλκμαίωνος
448 1917 548 1976 τούτου
566 1919 616 1976 τοῦ
637 1916 714 1992 παρὰ
728 1921 854 1992 Κροῖσον
873 1913 969 1974 ἀπικο-

166 2004 326 2081 μένου,καί
346 2003 436 2068 ἄλλος
456 2003 653 2080 Ἱπποκλείδης
674 2003 838 2079 Τισάνδρου,
857 2001 970 2081 πλούτῳ

168 2093 215 2150 καί
236 2091 301 2150 εἴδεϊ
321 2093 469 2170 προφέρων
490 2091 653 2168 Ἀθηναίων.
695 2091 751 2151 α’πὸ
773 2091 803 2149 δὲ
818 2090 968 2167 Ἐρετρίης,

167 2178 306 2255 α’νθεύσης
326 2183 425 2240 τοῦτον
447 2179 499 2240 τόν
521 2179 631 2259 χρόνον,
656 2180 806 2254 Λυσανίης·
835 2175 915 2241 οὗτος
940 2178 969 2237 δὲ

167 2265 216 2326 α’π’
238 2267 363 2343 Εὐβοίης
383 2271 494 2344 μοῦνος·
536 2273 567 2326 έκ
588 2268 617 2327 δὲ
639 2268 802 2342 Θεσσαλίης
822 2266 893 2342 ἦλθε
914 2270 969 2327 τῶν

168 2356 335 2416 Σκοπαδέων
357 2356 540 2432 Διακτορίδης
559 2356 727 2432 Κρανύνιος·
749 2360 779 2414 έκ
800 2355 829 2414 δὲ
851 2360 968 2415 Μολοσ-

167 2447 228 2502 σῶν
243 2442 366 2503 Ἀλκων·
386 2448 518 2504 τοσοῦτοι
539 2448 591 2522 μὲν
614 2446 740 2524 έγένοντο
757 2447 783 2504 οἱ
800 2449 968 2522 μνηστῆρες.

166 2529 357 2607 Ἀπικομένων
376 2532 405 2591 δὲ
423 2531 526 2592 τούτων
543 2537 571 2595 ές
586 2533 637 2606 τὴν
658 2533 858 2610 προειρημένην
879 2531 945 2609 ἦμέ·
959 2536 1016 2591 128

166 2645 228 2696 ρην,
242 2619 257 2678 ό
273 2620 449 2695 Κλεισθένης
465 2624 562 2697 πρῶτα
578 2622 630 2696 μὲν
643 2620 692 2683 τὰς
705 2620 812 2698 πιίτρας
830 2645 862 2680 τε
881 2620 970 2680 αὐτῶν
1002 2661 1006 2664 -

167 2705 322 2766 ιίνεπύθετο
343 2708 388 2765 καί
403 2707 483 2788 γένος
496 2706 625 2768 έκύστου·
646 2709 716 2786 μετιί
731 2709 768 2778 δὲ,
783 2709 905 2786 κατέχων
919 2713 969 2766 ένι-

167 2794 253 2853 αυτὸν
270 2794 426 2872 διεπειρᾶτο
445 2793 534 2855 αὐτῶν
550 2799 601 2872 τῆς
613 2823 643 2856 τε
657 2796 840 2878 ἀνδραγαθίης
859 2797 904 2854 καὶ
921 2800 970 2870 τῆς

167 2881 263 2962 ὀργῆς,
279 2884 324 2941 καί
338 2883 499 2947 παιδεύσιός
511 2910 542 2943 τε
556 2885 601 2943 καί
614 2885 728 2962 τρόπου·
749 2885 795 2942 καί
808 2883 847 2942 ένί
862 2882 969 2964 ἑκάστῳ

168 2972 216 3030 ἰοίν
230 2975 257 3034 ές
271 2973 423 3047 συνουσίην
441 2971 487 3030 καὶ
505 2972 658 3043 συνάπασι,
673 2973 719 3031 καί
735 2977 763 3035 ές
780 2970 923 3053 γυμνάσιά
938 2997 969 3031 τε

168 3059 314 3139 ἐξαγινέων
328 3059 392 3119 ὅσοι
405 3057 480 3135 ἦσαν
494 3059 584 3120 αὐτῶν
597 3061 732 3137 νεοίτεροι,
747 3062 801 3129 καὶ,
815 3059 849 3120 τό
868 3085 902 3140 γε
921 3060 969 3135 μέ·

166 3172 276 3228 γιστον,
288 3151 364 3226 ε’ντῇ
379 3150 513 3226 συνεστίῃ
526 3148 692 3223 διεπειρᾶτο·
707 3147 777 3205 ὅσον
789 3147 844 3224 γὰρ
859 3150 968 3222 κατεῖχε

166 3233 272 3314 χρόνον
285 3233 391 3303 αύτούς,
406 3238 506 3294 τοῦτον
519 3233 610 3293 πάντα
625 3234 714 3291 ε’ποίεε
728 3233 774 3290 καὶ
786 3231 845 3306 ἅμα
858 3231 968 3299 ἐξείνιζε

166 3323 410 3405 μεγαλοπρεπέως.
455 3321 500 3380 καὶ
516 3319 550 3395 δή
572 3344 620 3377 κου
638 3318 764 3394 μάλιστα
776 3321 832 3376 τῶν
843 3315 968 3392 μνηστή-
