2276 3554
150 138 196 186 142
461 137 644 187 ‘HPOAO'I'OT
871 139 947 202 [VII.
983 133 991 142 ¹

146 214 289 291 πόνθιιμεν
303 215 471 292 οἰκτρότερα·
486 220 515 275 ἐν
527 215 582 296 γὰρ
593 215 663 276 οὕτω
673 217 779 295 βραχέί
791 218 847 296 βίῳ
861 218 949 285 οὐδεὶς

148 302 219 362 οὕτω
238 302 382 380 ἄνθρωπος
404 304 455 362 ἐών
477 303 611 381 εὐδαίμων
628 306 744 380 πέφυκε,
762 304 824 365 οῦτε
844 306 949 368 τοῦτον

147 389 210 450 οῦτε
230 395 285 450 τῶν
305 389 407 460 ἄλλων,
422 396 460 471 τῷ
473 391 505 450 οῦ
519 391 733 468 παραστήσεται
748 393 888 456 πολλάκις
902 397 947 453 καὶ

147 478 207 538 οῦκὶ
228 477 304 548 ἅπαξ
323 479 450 539 τεθνάναι
471 479 631 556 βούλεσθαι
649 484 762 556 μᾶλλον
780 478 798 556 ἢ
815 481 897 552 ζόειν·
919 477 951 535 αἶ

145 593 176 626 τε
191 567 245 648 γὰρ
262 569 409 644 συμφοραὶ
422 569 655 646 προσπίπτουσαι
669 570 714 627 καὶ
728 573 757 628 αἱ
771 573 868 628 νοῦσοι
882 597 946 630 συν-

146 655 344 732 ταράσσουσαι
358 657 404 714 καὶ
415 656 528 734 βραχῦν
541 656 622 716 ἐόντα
634 657 743 734 μακρόν
756 657 861 718 δοκέειν
877 658 946 719 εἶναι

146 747 256 803 ποιεῦσι
275 744 325 804 τόν
344 746 419 820 βίον·
448 744 519 804 οὕτω
540 744 556 804 ό
577 747 629 821 μὲν
650 744 776 818 θάνατος,
801 749 949 824 μοχθηρῆς

145 831 245 908 ἐούσης
257 837 308 908 τῆς
321 831 392 908 ζόης,
407 833 556 914 καταφυγὴ
578 833 746 911 αἱρετωτάτη
759 838 798 912 τῷ
812 833 947 915 ἀνθρώπῳ

143 921 251 1000 γέγονε·
273 921 331 980 όδὲ
346 921 408 984 θεός
420 921 527 1002 γλυκῦν
541 921 646 1002 γεύσας
665 922 715 982 τόν
736 927 829 991 αἰῶνα,
845 924 946 1001 φθονε-

96 1008 193 1084 47ρός,
213 1015 242 1069 ἐν
264 1008 338 1088 αὐτῷ
360 1009 516 1088 εὑρίσκεται
537 1009 613 1070 ἐών.”
654 1011 761 1088 Ξέρξης
782 1011 810 1070 δέ
832 1009 947 1088 ἀμείβε-

142 1123 176 1156 το
196 1099 296 1178 λέγων’
317 1109 334 1134 “
342 1097 509 1176 Ἀρτάβανε,
522 1099 624 1174 βιοτῆς
637 1100 689 1175 μέν
707 1125 755 1159 νυν
771 1098 947 1178 ἀνθρωπηίης

143 1185 215 1262 πέρι,
225 1185 325 1262 ἐούσης
337 1186 466 1263 τοιαύτης
480 1187 594 1264 οἴηνπερ
608 1187 646 1246 σῦ
659 1187 776 1264 διαιρέαι
790 1188 866 1258 εἶναι,
876 1216 945 1250 παυ-

143 1273 265 1349 σώμεθα,
288 1275 358 1352 μηδὲ
383 1279 472 1334 κακῶν
494 1276 677 1352 μεμνεώμεθα
700 1275 812 1355 χρηστὰ
836 1277 946 1356 ἔχοντες

142 1361 294 1442 πρήγματα
315 1369 344 1422 ἐν
361 1364 453 1442 χερσί·
477 1363 590 1440 φράσον
609 1364 640 1423 δέ
656 1389 706 1440 μοι
725 1363 798 1424 τόδε·
820 1365 846 1423 εἴ
862 1391 906 1424 τοι
926 1367 945 1442 ἦ

142 1448 205 1527 ὄψις
223 1455 273 1509 τοῦ
290 1453 416 1510 ἐνυπνίου
436 1450 476 1527 μή
492 1452 608 1532 ἐναργὴς
622 1451 692 1510 οὕτω
706 1451 803 1527 ἐφάνη,
819 1452 891 1531 εἶχες
911 1451 946 1512 ἂν

141 1537 193 1612 τήν
214 1536 333 1616 οἷρχαίην
350 1538 463 1619 γνώμην
480 1539 529 1598 οῦκ
551 1544 602 1599 ἐῶν
620 1565 656 1616 με
675 1539 880 1617 στρατεύεσθαι
899 1542 944 1600 ἐπὶ

141 1625 193 1700 τήν
205 1625 340 1696 Ἑλλάδα,
354 1625 372 1702 ἢ
385 1629 522 1704 μετέστης
536 1627 586 1696 ἅν;
609 1629 679 1704 φέρε
698 1653 748 1704 μοι
765 1631 848 1687 τοῦτο
865 1627 943 1707 α’τρε-

142 1714 208 1777 κέως
222 1713 307 1774 εἶπέ’”
328 1715 343 1775 ό
358 1717 387 1774 δὲ
401 1715 536 1794 ἀμείβετο
550 1716 649 1797 λέγων·
672 1727 689 1752 “
699 1715 719 1775 ὦ
731 1717 864 1792 βασιλεῦ,
879 1715 944 1796 ὄψις

140 1803 192 1878 μὲν
205 1801 223 1878 ἡ
237 1807 406 1880 ἐπιφανεῖσα
426 1809 475 1864 τοῦ
495 1803 602 1880 ὀνείρου
621 1804 657 1867 ώς
669 1804 835 1880 βουλόμεθα
849 1803 943 1881 ἀμφό-

140 1913 216 1966 τεροι
236 1892 421 1967 τελευτήσειε·
444 1891 497 1973 ἐγώ
517 1891 540 1951 δ’
555 1893 595 1952 ἐτι
616 1893 662 1951 καὶ
684 1897 710 1955 ἐς
730 1891 793 1951 τόδε
815 1893 943 1970 δείματός

141 1982 197 2056 εἶμι
213 1979 363 2050 ῦπόπλεος,
378 1980 432 2040 οὐδ’
447 1981 522 2044 ἐντός
535 1985 680 2058 ἐμεωυτοῦ,
695 1979 772 2039 ἄλλα
792 2007 823 2040 τε
844 1967 942 2042 πολλθ

141 2068 338 2148 ἐπιλεγόμενος
359 2070 404 2127 καὶ
425 2069 459 2145 δὴ
480 2070 526 2128 καὶ
547 2069 632 2146 ὁρίων
649 2095 693 2129 τοι
708 2069 756 2128 δύο
769 2069 805 2128 τό
818 2071 942 2150 μέγιστα

93 2157 130 2214 48
140 2155 249 2216 πάντων
262 2155 343 2216 ἐόντα
356 2156 578 2234 πολεμιώτατα.”
608 2158 713 2234 Ξέρξης
727 2157 756 2216 δὲ
770 2157 839 2234 πρός
852 2163 942 2220 ταῦτα

139 2242 273 2320 α’μείβετο
293 2245 398 2304 τοῖσδε·
419 2257 437 2281 “
446 2245 570 2322 δαιμόνιε
583 2245 696 2322 ἀνδρῶν,
712 2248 775 2304 κοῖα
788 2249 876 2304 ταῦτα
895 2249 941 2306 λε’-

138 2357 196 2411 γεις
210 2331 278 2392 εἶναι
292 2332 340 2392 δύο
353 2359 403 2409 μοι
423 2333 637 2410 πολεμιώτατα,
660 2333 759 2412 κότερά
772 2361 816 2394 τοι
830 2334 845 2394 ό
858 2335 942 2406 πεζός

138 2418 265 2494 μεμπτός
287 2421 357 2480 κατὰ
378 2421 411 2482 τό
430 2422 539 2498 πλῆθός
560 2428 630 2494 ἐστι,
652 2422 698 2482 καὶ
719 2421 751 2482 τό
772 2422 941 2498 Ἑλληνικόν

139 2507 300 2584 στράτευμα
310 2510 439 2584 φαίνεται
449 2509 671 2587 πολλαπλήσιον
682 2511 798 2571 ἔσεσθαι
811 2515 861 2570 τοῦ
873 2510 940 2587 ἦμε-

137 2597 235 2672 τέρου;
257 2594 275 2672 ἢ
298 2597 331 2656 τό
354 2598 483 2659 ναυτικόν
502 2599 534 2660 τό
559 2599 694 2676 ἡμέτερον
716 2599 868 2678 λείψεσθαι
889 2604 940 2658 τοῦ

139 2683 263 2754 ἐκείνων;
283 2683 302 2761 ἢ
316 2687 362 2745 καὶ
375 2687 576 2764 συναμφότερα
588 2692 677 2747 ταῦτα
688 2713 695 2758 ,·
718 2687 805 2768 είγιίρ
818 2713 863 2747 τοι
876 2687 940 2747 ταῦ·

138 2799 173 2852 τη
187 2773 348 2852 ἐνδεέστερα
364 2776 491 2850 φαίνεται
513 2775 630 2835 εἶναιτὰ
643 2776 765 2854 ἡμέτερα
778 2775 940 2857 πρήγματα,

138 2867 262 2938 στρατοῦ
281 2861 315 2922 ἂν
335 2862 426 2922 ἄλλου
446 2890 488 2926 τις
507 2862 559 2939 τήν
581 2865 720 2943 ταχίστην
741 2862 858 2944 ἄγερσιν
878 2889 941 2922 ποι-

94 2948 225 3009 49οἳτο.”
265 2949 300 3008 ‘0
323 2951 345 3009 δ’
367 2950 501 3026 ἀμείβετο
524 2951 624 3032 λέγων·
648 2951 851 3030 “ὧ«βασιλεῦ,
876 2949 941 3011 οῦτε

139 3037 261 3113 στρατόν
280 3042 379 3096 τοῦτον
400 3037 478 3100 ὅστις
491 3064 524 3118 γε
542 3038 658 3099 σύνεσιν
671 3041 728 3118 ἔχει
748 3037 882 3115 μέμφοιτ’
897 3036 940 3110 ἂν,

139 3123 201 3182 οὔτε
216 3128 271 3183 τών
289 3129 357 3184 νεών
372 3124 405 3184 τό
422 3127 542 3200 πλῆθος·
563 3124 598 3200 ἥν
610 3153 641 3186 τε
654 3131 776 3190 πλεῦνας
789 3125 940 3204 συλλέξῃς,

138 3211 173 3269 τὰ
186 3210 234 3268 δύο
248 3236 291 3269 τοι
304 3210 340 3271 τό
353 3212 428 3293 λέγω
441 3215 541 3292 πολλῷ
557 3213 597 3273 ἐτι
610 3205 803 3292 πολεμιώτερα
823 3213 939 3296 γίνεται·

138 3297 173 3355 τό
187 3299 217 3355 δὲ
230 3297 279 3356 δύο
292 3303 381 3360 ταῦτα
398 3301 458 3361 ἐστι
477 3305 516 3382 γῆ
534 3327 564 3362 τε
579 3302 625 3360 καὶ
639 3301 786 3364 θάλασσα·
808 3300 941 3383 οὔτεγὰρ
