2250 3552
132 144 275 208 ιιι-ιιι]
462 143 616 194 omma,
657 143 659 146 ·
888 143 935 193 ιιι

132 226 173 303 μή
198 225 227 284 δέ
254 223 339 300 ύμέας
362 223 547 300 Ἀλέξανδρος
574 223 589 282 ό
618 223 754 282 Μακεδῶν
778 221 935 302 όναγνιύσῃ,

134 313 236 392 λεήνας
253 313 302 372 τόν
325 312 485 389 Μαρδονίου
501 311 599 393 λόγον·
616 310 703 390 τούτῳ
716 313 768 388 μὲν
781 309 836 392 γάρ
848 316 936 371 ταῦτα

135 401 252 476 ποιητέα
261 402 330 460 ἐστί·
344 399 476 476 τύραννος
484 399 538 480 γάρ
551 399 601 460 ἐῶν
614 398 736 478 τυράννῳ
747 398 936 480 συγκατεργά-

136 490 220 560 ζεται·
248 487 313 565 ύμῖν
333 489 365 548 δέ
383 513 417 569 γε
437 487 470 547 ού
490 489 614 564 ποιητέα,
639 488 715 564 εἴπερ
736 485 765 546 εὖ
785 488 935 568 τυγχάνετε

137 575 309 654 φρονέοντες,
327 577 540 654 ἐπισταμένοισι
557 575 591 638 οἷς
606 574 787 652 βαρβάροισί
799 581 860 635 ἐστι
874 575 937 635 ούτε

136 664 240 723 πιστόν
253 662 316 723 ούτε
326 662 429 739 άληθές
439 662 543 723 ούδέν.”
563 667 650 723 ταῦτα
661 664 758 732 ἔλεξαν
772 666 798 722 οἳ
811 662 936 744 ἄγγελοι.

177 752 321 828 Ἀθηναῖοι
342 752 371 811 δέ
392 751 462 829 πρός
474 754 526 828 μὲν
538 751 723 827 Ἀλέξανδρον
738 751 917 828 ύπεκρίναντο
928 754 984 811 143

138 840 212 899 τάδε·
233 841 299 898 “καὶ
323 839 402 899 αύτοὶ
418 839 502 900 τοῦτό
518 867 551 920 γε
571 839 753 915 ἐπιστάμεθα,
769 839 811 899 ότι
829 845 938 898 πολλα-

138 928 247 1004 πλησίη
269 929 330 987 ἐστὶ
351 932 389 1007 τῷ
410 928 498 1008 Μήδῳ
519 928 631 1006 δύναμις
658 927 729 1004 ήπερ
755 927 832 1004 ἡμῖν·
864 927 936 988 ῶστε

139 1015 216 1075 οὐδὲν
229 1017 283 1075 δέει
301 1017 385 1076 τοῦτό
397 1043 431 1096 γε
445 1016 594 1088 ὀνειδίζειν·
616 1016 682 1076 ἀλλ’
696 1017 769 1093 ὅμως
783 1017 939 1093 ἐλευθερίης

138 1103 303 1183 γλιχόμενοι
323 1103 499 1182 ἀμυνεύμεθα
512 1105 582 1164 οὕτω
596 1105 664 1168 ὅκως
678 1103 711 1164 ἂν
725 1106 771 1162 καὶ
787 1103 938 1180 δυνάμεθα·

139 1190 319 1273 ὁμολογήσαι
340 1193 369 1252 δέ
390 1198 428 1272 τῷ
448 1193 588 1274 βορβόρῳ
609 1193 680 1271 μήτε
698 1193 735 1252 σύ
750 1192 839 1268 ήμέας
854 1195 940 1268 πειρῶ

139 1279 305 1350 α’νοπείθειν,
320 1279 382 1341 ούτε
392 1281 475 1359 ήμέες
485 1281 650 1358 πεισόμεθα.
678 1285 727 1342 νῦν
737 1281 765 1339 δέ
776 1280 940 1361 ἀπάγγελλε

140 1369 297 1448 Μαρδονίῳ,
312 1368 347 1432 ῶς
359 1367 502 1446 Ἀθηναῖοι
512 1371 638 1451 λέγουσι,
653 1367 711 1429 ἐστ’
724 1367 758 1428 ἂν
771 1368 787 1428 ό
801 1367 880 1445 ἥλιος
889 1369 941 1445 τήν

140 1455 226 1532 ούτήν
239 1456 304 1516 ὁδόν
317 1457 345 1535 ’ίῃ
358 1462 447 1537 τῇπερ
462 1459 508 1516 καὶ
525 1463 573 1518 νῦν
589 1459 707 1538 ἔρχεται,
720 1457 825 1534 μήκοτε
838 1457 941 1534 ὁμολο-

139 1543 239 1624 γήσειν
259 1544 346 1622 ἡμέας
366 1547 466 1626 Ξέρξη·
495 1545 571 1605 ἄλλό.
593 1546 686 1608 θεοῖσί
710 1571 741 1606 τε
762 1546 940 1625 συμμάχοισι

140 1633 256 1692 πίσυνοί
272 1659 320 1710 μιν
341 1635 469 1711 ἐπέξιμεν
489 1632 657 1712 α’μυνόμενοι
679 1635 725 1693 καὶ
745 1639 821 1694 τοῖσι
840 1633 940 1711 ἥρωσι·

140 1723 194 1780 τῶν
215 1723 316 1784 ἐκεῖνος
337 1721 466 1800 οὐδεμίαν
488 1721 552 1782 ὄπιν
573 1724 649 1801 ἔχων,
672 1724 808 1799 ἐνέπρησε
827 1721 891 1784 τούς
910 1747 941 1781 τε

142 1809 232 1872 οἴκους
250 1810 294 1867 καὶ
311 1810 346 1869 τὰ
364 1810 524 1890 ἀγάλματα.
568 1811 605 1870 σύ
618 1837 648 1871 τε
661 1816 711 1871 τοῦ
723 1815 826 1870 λοιποῦ
840 1810 942 1890 λόγους

141 1897 210 1974 ἔχων
219 1897 347 1957 τοιούσδε
356 1899 397 1975 μή
409 1900 553 1974 ἐπιφαίνεο
564 1900 747 1975 Ἀθηναίοισι,
757 1899 828 1973 μηδὲ
842 1898 942 1956 δοκέων

140 1984 253 2062 χρηστά
272 1984 435 2067 ύπουργέειν
459 1986 598 2064 α’θέμιστο
626 1988 712 2065 ἕρδειν
738 1988 877 2061 παραίνεε·
909 1985 942 2045 ού

141 2072 194 2149 γάρ
221 2099 256 2132 σε
282 2074 448 2152 βουλόμεθα
476 2075 555 2135 οὐδὲν
584 2075 668 2155 ἅχαρι
694 2076 764 2153 πρός
790 2074 942 2150 Ἀθηναίων

140 2161 260 2234 παθέειν,
277 2162 358 2222 ἐόντα
371 2163 516 2241 πρόξεινόν
528 2189 559 2246 τε
573 2165 619 2223 καὶ
634 2161 746 2240 φίλον.”
781 2163 858 2240 Πρός
871 2166 921 2240 μὲν
933 2166 990 2223 144

140 2246 325 2326 Ἀλέξανδρον
340 2254 428 2309 ταῦτα
445 2250 635 2328 ὑπεκρίναντο·
660 2250 731 2327 πρός
753 2253 782 2311 δέ
802 2250 867 2315 τούς
886 2251 942 2311 οἶπό

142 2337 271 2414 Σπάρτης
281 2337 419 2418 ἀγγέλους
428 2338 503 2398 τάδε·
526 2350 543 2374 “
552 2338 585 2398 τό
599 2343 650 2417 μὲν
665 2341 756 2400 δεῖσαι
770 2340 942 2418 Λακεδαιμο-

141 2426 214 2488 νίους
229 2425 269 2503 μή
288 2425 511 2508 ὁμολογήσωμεν
524 2432 563 2507 τῷ
574 2428 723 2508 βαρβάρῳ,
739 2428 826 2506 κάρτα
840 2429 942 2505 ἅνθρω-

142 2513 223 2589 πήῖον
242 2512 287 2589 ἦν·
315 2513 385 2593 άτόρ
406 2519 530 2595 αἰσχρῶς
549 2541 582 2596 γε
604 2517 705 2585 οἴκατε,
730 2516 941 2592 ἐξεπιστάμενοι

141 2606 194 2660 τῶν
215 2601 369 2679 Ἀθηναίων
389 2603 422 2663 τό
445 2604 585 2682 φρόνημα,
609 2605 778 2682 ἀρρωδῆσαι·
810 2603 853 2662 ὅτι
880 2601 943 2661 ούτε

141 2690 246 2767 χρυσός
260 2696 321 2751 ἐστι
333 2696 386 2772 γῆς
407 2692 541 2769 οὐδαμόθι
559 2697 693 2755 τοσοῦτος
708 2691 770 2750 ούτε
784 2691 861 2769 χάρη
876 2689 941 2748 κάλ-

141 2782 186 2836 λεϊ
199 2779 244 2837 καὶ
258 2777 343 2858 άρετῇ
356 2781 431 2860 μέγα
442 2781 648 2858 ύπερφέρουσα,
660 2781 695 2839 τά
708 2779 787 2856 ήμεῖς
798 2777 942 2852 δεξάμενοι

141 2867 285 2943 ἐθέλοιμεν
295 2867 329 2927 ἂν
339 2869 507 2945 μηδίσαντες
518 2870 729 2928 καταδουλῶσαι
742 2867 793 2941 τήν
806 2864 942 2924 Ἐλλάδα·

141 2955 237 3013 πολλά
247 2981 278 3015 τε
287 2956 343 3036 γάρ
353 2958 399 3015 καὶ
408 2957 521 3038 μεγάλα
532 2958 593 3016 ἐστὶ
606 2956 642 3015 τά
655 2953 842 3014 διακωλύοντα
855 2957 942 3012 ταῦτα

140 3041 181 3117 μή
197 3043 309 3114 ποιέειν,
325 3043 389 3121 μηδ’
411 3043 445 3121 ἣν
467 3045 614 3120 ἐθέλωμεν·
639 3047 736 3121 πρῶτα
757 3044 808 3119 μέν
829 3041 874 3100 καὶ
894 3042 942 3116 με’-

141 3156 236 3210 γιστα,
262 3135 318 3191 τῶν
344 3134 414 3193 θεῶν
439 3133 476 3192 τὰ
501 3131 653 3212 ἀγάλματα
680 3132 726 3189 καὶ
746 3131 782 3190 τό
806 3129 943 3204 οἰκήματα

142 3221 362 3296 ἐμπεπρησμένα
383 3247 414 3280 τε
436 3222 482 3279 καὶ
504 3221 731 3298 συγκεχωσμένα·
761 3221 837 3275 τοῖσι
855 3214 942 3291 ήμέας
1007 3233 1009 3238 ’

141 3306 295 3386 ἀναγκαίως
317 3308 374 3384 ἔχει
394 3307 537 3382 τιμωρέειν
564 3311 590 3364 ἐς
617 3305 651 3360 τό
677 3305 798 3380 μέγιστα
821 3306 940 3376 μιῖλλον,
