2276 3554
174 119 218 164 120
235 147 241 167 τ
476 117 658 166 ωτοιουοτ
892 112 968 176 [vn.

170 221 252 272 μενος
275 193 340 273 παρ’
363 195 437 274 αὐτῷ
457 197 593 276 μέγιστον
613 195 748 271 Περσέων
770 191 931 270 Μαρδόνιος
954 220 970 251 ο

171 284 317 361 Γωβράεω,
345 283 375 347 ὃς
401 283 436 359 ἦν
462 285 552 362 Ξέρξη
579 286 630 360 μέν
657 282 769 361 άνεψιός
796 282 915 359 Δαρείου
942 281 972 340 δέ

172 370 313 449 ἀδελφεῆς
325 372 398 442 πάϊς,
409 372 536 432 τοιούτου
548 371 637 453 λόγου
651 373 749 450 εἴχετο,
761 371 861 452 λέγων·
883 377 900 404 “
909 370 971 430 δέσ·

169 486 251 532 ποτα,
266 460 315 520 οὔκ
329 459 403 523 οἰκός
413 465 475 520 ἐστι
484 459 648 536 Ἀθηναίους
658 460 864 539 ἐργασαμένους
875 457 972 517 πολλά

169 549 222 626 ήδη
236 547 307 608 κακά
321 549 445 625 Πέρσας,
458 548 499 625 μή
513 547 545 608 οό
560 549 654 608 δοῦναι
668 548 745 611 δίκας
757 550 812 607 τῶν
825 547 971 622 ἐποίησαν·

170 637 247 697 α’λλά
266 638 299 698 τό
318 639 370 714 μὲν
390 641 438 697 νῦν
458 641 546 696 ταῦτα
563 635 706 713 πρήσσοις
732 635 820 712 τάπερ
842 639 873 694 ἐν
888 635 973 713 χερσὶ

169 727 250 804 ἐχεις·
262 726 410 803 ἡμερώσας
420 726 450 784 δέ
460 725 603 806 Αἴγυπτον
615 724 667 800 τήν
681 723 874 801 ἐξυβρίσασαν
885 749 971 799 στρα-

169 815 286 888 τηλάτεε
305 815 351 873 ἐπὶ
370 814 420 876 τάς
437 813 566 890 Ἀθήνας,
583 814 627 872 ἵνα
643 812 728 893 λόγος
741 812 773 870 τέ
786 838 821 870 σε
835 813 885 888 ἔχη
902 810 973 888 πρός

171 901 321 979 ἀνθρώπων
342 901 446 982 ἀγαθός
467 903 515 960 καί
528 927 570 964 τις
585 900 704 977 ὕστερον
720 899 907 976 φυλάσσηται
927 902 973 958 ἐπὶ

170 994 224 1070 γῆν
241 991 293 1066 τήν
309 990 365 1066 σήν
381 988 610 1067 στρατεύεσθαι.”
652 987 733 1051 οὗτος
751 989 803 1066 μέν
817 991 844 1047 οἶ
857 987 872 1047 ό
886 987 974 1069 λόγος

170 1077 205 1154 ἦν
224 1079 351 1157 τιμωρός·
378 1083 428 1139 τοῦ
449 1078 478 1138 δέ
499 1077 586 1158 λόγου
612 1077 790 1154 παρενθήκην
811 1077 973 1136 ποιεέσκετο

170 1166 259 1242 τήνδε,
276 1166 311 1230 οἷς
328 1167 346 1243 ή
363 1165 485 1244 Εὖριόπη
501 1164 674 1242 περικαλλὴς
690 1164 776 1242 χάρη,
797 1166 843 1222 καὶ
862 1164 974 1241 δένδρεα

169 1259 289 1314 παντοῖα
303 1257 382 1332 φέρει
394 1255 429 1314 τά
444 1254 542 1332 ἥμερα,
558 1253 658 1330 άρετήν
671 1279 703 1311 τε
716 1251 796 1328 ἄκρη,
809 1253 929 1328 βασιλέϊ
942 1279 973 1313 τε

137 1342 261 1422 δμοόνιρ
288 1345 393 1418 θνητῶν
422 1343 485 1418 άξίη
514 1343 657 1416 ἐκτῆσθαι.
700 1345 794 1399 Ταῦτα
822 1343 900 1421 ἔλεγε
928 1341 974 1401 οἶα

171 1432 307 1508 νεωτέρων
334 1431 419 1511 ἔργων
444 1429 614 1506 ἐπιθυμητής
639 1429 690 1490 ἐών
712 1429 758 1487 καὶ
781 1430 869 1489 θέλων
891 1427 974 1493 αὐτός

170 1523 220 1593 τῆς
231 1517 370 1579 Ἑλλάδος
390 1517 514 1597 ὕπαρχος
531 1518 608 1591 εἶναι,
627 1517 718 1596 χρόνῳ
733 1517 762 1575 δὲ
778 1517 973 1597 κατεργάσατό

170 1632 201 1666 τε
220 1606 266 1665 καὶ
284 1605 413 1665 όνέπεισε
431 1607 536 1682 Ξέρξεα
555 1605 628 1665 ὥστε
649 1607 753 1665 ποιέειν
770 1609 867 1665 ταῦτα·
892 1607 972 1666 συνέ-

172 1697 247 1771 λαβε
270 1693 324 1775 γάρ
350 1695 395 1753 καὶ
419 1693 495 1753 ἄλλα
517 1697 544 1753 οἱ
567 1693 705 1772 σύμμαχα
731 1693 866 1774 γενόμενα
890 1699 917 1757 ἐς
940 1694 974 1754 τό

172 1783 319 1842 πείθεσθαι
339 1782 452 1858 Ξέρξεα·
477 1787 561 1842 τοῦτο
582 1784 634 1858 μὲν
658 1781 713 1841 άπό
737 1786 787 1856 τῆς
810 1784 974 1858 Θεσσαλίης

172 1870 248 1948 παρά
262 1875 315 1928 τῶν
323 1869 494 1930 Ἀλευαδέων
504 1868 653 1949 ἀπιγμένοι
661 1868 779 1951 άγγελοι
790 1870 974 1930 ἐπεκαλέοντο

171 1958 306 2034 βασιλέα,
331 1962 428 2017 πᾶσαν
451 1958 609 2034 προθυμίην
632 1957 826 2036 παρεχόμενοι,
853 1959 897 2017 ἐπὶ
920 1958 974 2035 τήν

171 2046 307 2106 Ἐλλάδα·
338 2049 364 2104 οἶ
388 2046 417 2105 δὲ
439 2045 589 2104 Ἀλευάδαι
611 2044 686 2105 οὗτοι
710 2045 783 2121 ἦσαν
810 2049 975 2123 Θεσσαλίης

171 2135 316 2210 βασιλέες.
343 2139 426 2192 τοῦτο
451 2133 480 2192 δέ
504 2133 759 2211 Πεισιστρατιδέων
782 2136 808 2193 οἱ
830 2133 975 2212 α’ναβεβη-
1056 2143 1061 2151 ’

173 2222 250 2285 κότες
277 2227 304 2284 ἐς
332 2222 436 2291 Σοῦσα,
464 2225 519 2281 τῶν
549 2247 580 2280 τε
610 2217 699 2286 αῧτῶν
725 2221 818 2303 λόγων
846 2222 976 2302 ἐχόμενοι

171 2314 225 2370 τῶν
255 2311 300 2368 καὶ
328 2312 354 2368 οἱ
380 2308 528 2368 Ἀλευάδαι
559 2310 605 2368 καὶ
632 2309 665 2385 δή
692 2336 720 2369 τι
749 2310 818 2387 πρός
848 2311 976 2372 τούτοισι

171 2400 211 2459 ἔτι
234 2397 322 2457 πλέον
345 2396 556 2478 προσορέγοντό
578 2402 612 2467 οἱ,
635 2401 744 2476 ἔχοντες
764 2397 975 2476 Ὀνομάκριτον,

171 2487 257 2564 ἄνδρα
265 2486 422 2562 Ἀθηναῖον,
438 2485 641 2567 χρησμολόγον
656 2513 686 2545 τε
702 2487 748 2544 καὶ
761 2487 890 2562 διαθέτην
907 2515 975 2566 χρη-

172 2579 251 2653 σμῶν
264 2579 318 2634 τῶν
332 2575 489 2632 Μουσαίου.
512 2573 732 2649 άναβεβήκεσαν
744 2575 799 2655 γάρ
813 2575 864 2651 τήν
875 2577 977 2654 ἔχθρην

171 2656 460 2742 προκαταλυσάμενοι·
494 2663 642 2739 ἐξηλάσθη
660 2663 714 2744 γάρ
739 2662 791 2722 ὑπό
820 2663 977 2743 Ἱππάρχου

171 2757 221 2812 τοῦ
241 2752 449 2830 Πεισιστράτου
466 2750 482 2810 ό
498 2750 699 2830 Ὀνομάκριτος
716 2753 746 2821 ἐξ
765 2751 913 2828 Ἀθηνέων,
933 2753 978 2811 ἐπ’

172 2840 324 2920 αότοφιόριρ
338 2841 423 2904 άλοδς
433 2839 488 2898 ὑπό
498 2841 596 2900 Λάσου
607 2846 656 2900 τοῦ
667 2840 828 2917 Ἑρμιονέος
842 2842 979 2917 ἐμποιέων

173 2933 200 2990 ἐς
214 2928 250 2988 τά
266 2933 415 2990 Μουσαίου
428 2929 566 3008 χρησμόν,
583 2930 617 2994 οἷς
636 2933 665 2990 αἱ
684 2932 728 2988 ἐπὶ
743 2929 858 3006 Λήμνου
879 2933 979 2990 ἐπικεί-

172 3041 253 3090 μεναι
273 3021 356 3092 νῆσοι
377 3018 558 3094 ἀφανιζοίατο
581 3020 651 3078 κατά
672 3025 721 3095 τῆς
744 3019 905 3096 θαλάσσης·
933 3019 979 3080 διό

173 3103 295 3177 ἐξήλασέ
315 3131 363 3181 μιν
383 3105 399 3165 ὁ
421 3106 586 3185 Ἵππαρχος,
608 3108 744 3184 πρότερον
765 3107 922 3188 χρεόμενος
942 3111 981 3167 πά

172 3188 307 3264 μάλιστα.
341 3193 404 3251 τότε
418 3194 447 3250 δέ
461 3196 631 3268 συναναβὰς,
648 3195 716 3258 ὅκως
730 3196 858 3255 άπίκοιτο
875 3201 901 3256 ἐς
913 3195 981 3273 ὄψιν

174 3277 224 3350 τήν
243 3279 390 3352 βασιλέος,
411 3279 550 3359 λεγόντων
563 3284 618 3340 τῶν
634 3281 892 3359 Πεισιστρατιδέων
913 3286 982 3363 περὶ
