2276 3554
156 117 300 183 113-119]
324 105 327 110 '
501 109 686 167 ποιυιικιι.
911 119 958 165 ιιι

155 198 202 256 καὶ
216 202 273 257 τῶν
286 201 350 274 περὶ
363 198 395 256 τό
410 196 557 278 Πάγγαιον
571 195 635 274 ὅρος
648 199 791 255 οἰκεόντων
801 197 903 271 όμοίως
913 196 959 254 καὶ

154 289 210 346 τῶν
233 285 371 363 πρότερον
392 285 535 358 κατέλεξα,
555 284 621 348 τούς
640 287 691 362 μέν
711 283 787 361 παρὰ
808 283 959 344 θάλασσαν

155 375 227 453 ἔχων
250 373 411 449 οἰκημένους
432 379 461 432 ἐν
482 374 565 449 νηυσὶ
590 374 831 451 στρατευομένους,
853 371 917 436 τούς
935 371 959 431 δ’

154 460 225 539 ύπέρ
241 461 392 538 θαλάσσης
407 463 476 540 πεζῇ
490 463 647 537 ἑπομένους·
664 462 717 536 τὴν
730 461 760 520 δέ
773 459 837 520 ὁδόν
849 460 958 537 ταύτην,

155 554 191 628 τῇ
209 549 352 626 βασιλεύς
368 550 475 626 Ξέρξης
491 549 541 610 τόν
560 550 683 627 στρατόν
698 549 798 626 ἤλασε,
813 547 877 608 οὔτε
893 576 958 630 συγ-

155 639 258 716 χέουσι
271 637 389 715 Θρήϊκες
402 637 458 697 ούτ’
470 640 673 715 ἐπισπείρουσι,
687 638 826 714 σέβονταί
836 663 867 697 τε
876 637 959 719 μεγό-

156 730 213 789 λως
232 725 265 786 τό
286 727 371 805 μέχρι
389 730 463 802 ἐμεῦ.
505 725 553 788 Ὡς
565 726 601 785 ’δέ
616 725 670 804 όρα
691 732 718 790 ἐς
735 725 787 802 τήν
801 724 964 786 Ἄκανθον]
975 727 1007 784 16

156 812 282 887 όπίκετο,
299 815 399 888 ξεινίην
413 839 444 872 τε
457 813 473 873 ό
488 815 604 892 Πέρσης
617 819 693 874 τοῖσι
705 814 880 875 Ἀκανθίοισι
893 839 959 890 προ

157 899 219 954 εἶπε
238 897 284 954 καὶ
303 895 463 972 ἐδωρήσατό
482 903 574 971 σφεας
595 897 694 972 ἐσθῆτι
714 896 837 974 Μηδικῇ,
854 895 961 954 ἐπαίνεέ

213 983 256 1006 (Ι
334 981 392 1003 ’ἱ

157 1009 188 1043 τε
205 1011 292 1061 ορεων
308 1009 408 1046 αυτούς
425 984 586 1060 προθύμους
605 983 700 1048 ἐόντας
721 989 748 1047 ἐς
768 982 818 1044 τόν
834 982 959 1060 πόλεμον

158 1072 205 1130 καὶ
219 1071 253 1132 τό
268 1071 377 1153 ὄρυγμα
392 1071 504 1131 α’κούων.

198 1159 252 1222 Ἐν,
268 1159 394 1238 ’Λκόνθῳ
416 1159 445 1218 δὲ
469 1159 563 1223 ἐόντος
584 1160 701 1238 Ξέρξεω,
723 1158 867 1235 συνήνεικε
886 1159 941 1220 ύπό
953 1161 1008 1222 117

158 1248 264 1308 νούσου
277 1248 429 1308 ἀποθανεῖν
446 1247 496 1308 τόν
513 1252 672 1308 ἐπεστεῶτα
688 1252 738 1324 τῆς
754 1248 887 1328 διώρυχος
898 1247 961 1325 Ἀρ-

157 1339 287 1416 ταχαίην,
302 1337 416 1413 δόκιμον
431 1336 511 1396 ἐόντα
525 1336 601 1414 παρό
615 1337 707 1416 Ξέρξη
718 1337 763 1396 καὶ
776 1339 855 1418 γένος
867 1336 962 1416 Ἀχαι-

157 1425 280 1501 μενῶην,
294 1425 411 1505 μεγάθεΐ
427 1451 458 1484 τε
476 1426 613 1506 μέγιστον
632 1424 712 1484 ἐόντα
731 1425 962 1502 Περσέων-ἀπό

158 1512 215 1595 γόρ
241 1514 324 1572 πέντε
350 1514 461 1592 πηχέων
490 1515 652 1589 βασιληίων
679 1512 800 1573 όπέλιπε
826 1514 964 1592 τέσσερας

158 1600 497 1676 δακτύλους-φωνέοντά
513 1627 544 1662 τε
561 1603 698 1682 μέγιστον
711 1601 869 1678 όνθριύπων·
891 1601 963 1662 ὥστε

158 1689 274 1766 Ξέρξεα,
292 1689 445 1767 συμφορὴν
465 1689 657 1766 ποιησάμενον
677 1689 813 1771 μεγάλην,
832 1690 964 1760 ἐξενεῖκαί

157 1803 190 1838 τε
207 1777 292 1837 αύτόν
306 1777 448 1838 κάλλιστα
462 1779 507 1836 καὶ
526 1777 623 1856 θάψαι·
646 1778 818 1857 ἐτυμβοχόεε
836 1779 866 1838 δέ
882 1783 963 1838 πιῖσα

158 1865 179 1942 ἦ
193 1867 323 1944 στρατιή·
344 1868 431 1945 τούτῳ
445 1867 474 1925 δέ
490 1871 529 1946 τῷ
541 1866 696 1946 Ἀρταχαίῃ
710 1865 809 1926 θύουσι
822 1866 964 1927 Ἀκάνθιοι

159 1961 191 2015 ἐκ
213 1956 383 2032 θεοπροπίου
404 1955 440 2017 ύς
459 1955 536 2031 ἥρωϊ,
559 1956 776 2032 ἐπονομάζοντες
795 1954 828 2014 τό
850 1953 961 2032 οὕνομα.

159 2042 301 2116 βασιλεύς
320 2046 372 2120 μὲν
393 2044 427 2119 δὴ
450 2043 563 2120 Ξέρξης,
585 2043 763 2119 ἀπολομένου
782 2043 962 2122 Ἀρταχαίεω,

160 2131 286 2189 ἐποιέετο
300 2131 462 2208 συμφορήν.
557 2159 558 2162 ’
737 2156 738 2160 ’

204 2223 241 2278 Οἱ
255 2219 284 2278 δὲ
297 2219 496 2297 ὑποδεκόμενοι
509 2220 654 2296 Ἑλλήνων
671 2219 723 2295 τὴν
739 2219 876 2296 στρατιήν
896 2221 942 2280 καὶ
955 2223 1013 2280 118

160 2309 345 2378 δειπνίζοντες
366 2309 473 2386 Ξέρξεα
495 2313 522 2372 ἐς
543 2313 600 2367 πᾶν
622 2312 708 2366 κακοῦ
730 2307 872 2381 α’πικέατο,
893 2308 963 2369 οὕτω

161 2395 237 2456 ὥστε
259 2394 412 2456 όνόστατοι
434 2402 464 2456 ἐκ
486 2400 540 2456 τῶν
562 2397 653 2456 οἰκίων
676 2395 808 2476 ἐγίνοντο·
836 2395 902 2456 όκου
930 2423 962 2478 γε

160 2486 299 2544 Θασίοισι
312 2484 382 2562 ύπέρ
395 2489 450 2546 τῶν
464 2491 494 2545 ἐν
506 2489 542 2563 τῇ
555 2483 660 2563 ἠπείρῳ
673 2484 780 2544 πολίων
792 2488 847 2543 τῶν
860 2486 962 2560 σφετέ-

160 2599 218 2648 ρων
239 2573 416 2649 δεξαμένοισι
436 2573 488 2649 την
510 2575 618 2650 Ξέρξεω
641 2572 776 2649 στρατιὴν
798 2573 843 2630 καὶ
865 2572 964 2632 δειπνί-

161 2687 237 2720 σασι
249 2659 459 2738 Ἀντίπατροςό
472 2659 588 2742 Ὀργέος
602 2659 794 2738 α’ραιρημένος,
802 2664 857 2719 τῶν
871 2661 966 2721 όστῶν

162 2749 235 2826 όνηρ
256 2749 368 2826 δόκιμος
388 2749 473 2828 όμοῖα
492 2753 531 2829 τό
543 2749 679 2825 μάλιστα,
695 2748 810 2818 όπέδεξε
824 2754 851 2811 ἐς
864 2749 897 2809 τό
912 2750 964 2809 δεῖ·

162 2863 235 2898 πνον
261 2838 430 2915 τετρακόσια
457 2837 583 2899 τάλαντα
610 2837 743 2918 ἀργυρίου
769 2840 964 2915 τετελεσμένα.

161 2920 214 2988 Ὦς
235 2924 265 2983 δὲ
287 2927 491 3002 παραπλησίως
511 2926 556 2984 καὶ
575 2931 604 2985 ἐν
629 2930 697 3004 τῇσι
715 2923 825 3004 όλλησι
842 2925 1012 2985 πόλισι119

163 3017 193 3074 οἶ
214 3019 381 3078 ἐπεστεῶτες
400 3014 600 3076 ἀπεδείκνυσαν
616 3013 665 3074 τόν
681 3013 777 3093 λόγον·
798 3013 831 3074 τό
845 3013 900 3094 γόρ
914 3015 965 3074 δεῖ·

163 3127 236 3162 πνον
251 3102 358 3163 τοιόνδε
372 3129 400 3163 τι
414 3105 528 3184 ἐγίνετο,
542 3103 587 3162 οδα
601 3107 631 3161 ἐκ
644 3104 756 3160 πολλοῦ
776 3100 880 3177 χρόνου
898 3126 966 3176 προ-

164 3191 379 3272 ειρημένον-καὶ
401 3192 464 3269 περὶ
484 3193 595 3250 πολλοῦ
613 3186 786 3261 ποιεύμενον·
806 3189 889 3242 τοῦτο
907 3188 967 3258 μὲν,

165 3278 203 3344 εἷς
222 3279 359 3342 ἐπύθοντο
379 3279 502 3356 τάχιστα
520 3280 575 3336 τῶν
592 3272 714 3348 κηρύκων
731 3273 785 3326 τῶν
803 3272 967 3342 περιαγγελ-
