2258 3568
149 141 258 207 οι-ιυ]
433 139 435 143 ‘
456 141 659 192 ουτοιιιοιιιι.
919 141 949 188 11

150 223 275 284 καστέων
303 220 348 282 ότι
376 221 423 281 ἐπὶ
449 220 578 300 χρήμασι
604 221 682 298 δίκην
709 219 803 280 άδικον
831 218 951 289 ἐδίκασε,

149 311 263 390 σφάξας
283 307 411 387 άπέδειρε
427 313 525 370 πᾶσαν
540 309 592 386 τήν
609 308 795 385 ἀνθρωπηίην
814 306 953 377 σπαδίξας

149 400 179 460 δέ
201 399 289 460 αὐτοῦ
309 396 343 458 τό
365 397 462 475 δέρμα,
486 396 601 474 ἱμάντας
629 398 659 468 ἐξ
683 395 768 456 αύτοῦ
796 396 878 473 ἔταμε
905 396 951 455 καὶ

148 488 263 548 ἐνέτεινε
282 484 332 546 τόν
352 484 452 563 θρόνον
471 490 497 548 ἐς
519 485 568 546 τόν
586 486 648 558 ίζων
666 485 780 556 ἐδίκαζε·
802 484 952 547 ἐντανύσας

149 576 178 635 δέ
199 575 216 636 ό
238 573 402 651 Καμβύσης
422 573 539 644 (ἐπέδεξε
565 573 701 649 δικαστήν
722 573 791 632 εἶναι
814 571 876 632 άντὶ
901 575 953 632 τοῦ

150 662 306 741 Σισάμνεω,
326 661 377 723 τδν
397 660 563 726 ἀποκτείνας
578 662 714 739 ἀπέδειρε,
730 661 781 722 τόν
797 661 884 721 παῖδα
901 665 951 721 τοῦ

149 752 304 829 Σισάμνεω,
319 749 511 828 ἐντειλάμενός
522 753 549 810 οἶ
562 752 725 828 μεμνῆσθαι
738 755 767 811 ἐν
785 753 824 829 τῷ
837 751 952 822 κατίζων

149 840 238 920 θρόνῳ
252 838 365 911 δικάζει.
394 837 486 902 Οὗτος
500 839 537 900 ὧν
551 839 567 899 ό
580 839 699 916 Ὀτάνης
712 839 729 900 o‘
742 839 952 920 ἐγκατιζόμενος
960 840 997 898 26

149 932 176 992 ἐς
205 933 305 989 τοῦτον
331 927 382 988 τδν
415 927 523 1005 θρόνον,
550 927 614 988 τότε
645 927 774 1007 διάδοχος
801 926 949 1008 γενόμενος

149 1016 313 1098 Μεγαβάζῳ
326 1021 377 1094 τῆς
396 1017 577 1096 στρατηγίης,
592 1018 760 1088 Βυζαντίους
777 1043 808 1076 τε
828 1016 886 1076 εἷλε
906 1017 952 1075 καὶ

150 1106 373 1186 Καλχηδονίους·
396 1105 453 1165 εἷλε
468 1106 497 1165 δέ
506 1104 678 1183 ’Ἄντανδρον
691 1105 743 1181 τήν
755 1110 783 1164 ἐν
796 1109 831 1183 τῇ
844 1103 952 1180 Τρωάδι

149 1197 196 1274 γῇ·
218 1195 276 1253 εἷλε
295 1194 324 1254 δέ
342 1193 522 1269 Λαμπώνιον
547 1194 649 1271 λαβιδν
670 1194 700 1252 δὲ
720 1193 798 1271 παρά
818 1192 952 1268 Λεσβίων

150 1282 213 1345 νέας
226 1282 283 1341 εἷλε
296 1280 414 1358 Λῆμνόν
423 1308 454 1341 τε
465 1282 511 1340 καὶ
519 1281 650 1360 Ἴμβρον,
661 1281 825 1359 ἀμφοτέρας
839 1282 878 1340 ἔτι
888 1279 952 1340 τότε

149 1369 204 1431 ύπδ
218 1374 381 1451 Πελασγῶν
397 1371 564 1448 οἰκεομένας.
608 1374 645 1431 Οἶ
657 1374 709 1448 μὲν
724 1371 757 1447 δή
770 1370 892 1448 Λήμνιοι
905 1370 998 1432 mm

150 1459 327 1537 ἐμαχέσαντο
341 1457 371 1518 εὖ
385 1459 432 1519 καὶ
451 1459 620 1537 ἀμυνόμενοι
633 1460 686 1519 άνά
699 1460 801 1539 χρόνον
815 1459 951 1535 ἐκακώθη

149 1572 214 1606 σαν·
234 1551 312 1608 τοῖσι
329 1548 359 1607 δέ
375 1552 519 1627 περιεοῦσι
540 1547 630 1608 αύτῶν
648 1552 674 1607 οἱ
691 1549 804 1626 Πέρσαι
824 1547 952 1628 ὕπαρχον

150 1635 472 1714 ἐπιστᾶσιΛυκάρητον,
487 1636 538 1697 τόν
554 1637 729 1712 Μαιανδρίου
745 1641 794 1697 τοῦ
812 1634 950 1712 βασιλεύ-

150 1748 252 1788 σαντος
263 1723 361 1802 Σάμου
372 1723 520 1800 ἀδελφεόν.
550 1722 643 1806 (οὗτος
657 1724 672 1788 ὁ
686 1723 849 1803 Λυκάρητος
858 1723 952 1804 ἅρχων

150 1815 178 1871 ἐν
197 1811 302 1892 Λήμνῳ
318 1813 458 1894 τελευτά.)
501 1815 575 1874 αἰτία
596 1814 626 1873 δὲ
646 1813 747 1873 τούτου
767 1813 825 1889 ἦδε·
846 1812 953 1876 πάντας

149 1898 363 1978 ἤνδραποδίζπο
377 1902 422 1960 καὶ
436 1903 651 1978 κατεστρέφετο,
661 1901 726 1964 τούς
736 1904 787 1978 μὲν
797 1906 951 1978 λιποστρα-

148 1989 209 2065 τίης
229 1989 275 2048 ἐπὶ
296 1989 405 2054 Σκύθας
425 1989 593 2067 αἰτιώμενος,
614 1989 679 2053 τούς
700 1989 730 2048 δὲ
751 1990 882 2048 σίνεσθαι
902 1988 953 2048 τόν

150 2077 271 2154 Δαρείου
295 2076 418 2154 στρατόν
441 2076 497 2136 άπδ
522 2079 650 2140 Σκυθέων
671 2077 762 2138 ὀπίσω
786 2076 951 2153 α’ποκομιζό-

149 2190 241 2241 μενον·
266 2162 348 2228 οὖτος
364 2167 416 2243 μέν
433 2191 481 2225 νυν
496 2171 625 2226 τοσαῦτα
641 2165 814 2248 ἐξεργάσατο
832 2191 952 2243 στρατη-

179 2251 187 2272 2

148 2278 250 2333 γησας.

189 2341 272 2402 Μετά
289 2342 327 2411 δέ,
342 2341 374 2402 ού
391 2341 503 2402 πολλόν
517 2341 619 2421 χρόνον
633 2340 728 2406 ἄνεσις
744 2346 834 2402 κακῶν
848 2341 890 2418 ἦν,
906 2343 952 2402 καὶ
962 2344 1000 2402 28

149 2427 251 2509 ἤρχετο
264 2430 298 2490 τό
316 2430 442 2508 δεύτερον
456 2436 485 2490 ἐκ
503 2430 601 2500 Νάξου
614 2457 645 2490 τε
663 2431 709 2488 καὶ
726 2430 858 2507 Μιλήτου
872 2431 953 2490 Ἴωσι

149 2518 278 2598 γίνεσθαι
297 2519 378 2578 κακά.
413 2523 497 2578 τοῦτο
513 2521 565 2595 μὲν
578 2518 633 2599 γάρ
647 2518 666 2594 ή
681 2519 777 2588 Νάξος
794 2519 953 2599 εὐδαιμονίῃ

149 2609 203 2665 τῶν
212 2605 305 2682 νήσων
315 2607 463 2685 προέφερε,
474 2611 558 2667 τοῦτο
571 2608 601 2666 δὲ
615 2608 685 2666 κατά
695 2607 746 2668 τόν
756 2607 840 2668 αύτδν
850 2608 954 2687 χρόνον

149 2691 168 2768 ή
185 2695 316 2770 Μίλητος
332 2693 406 2771 ,αύτή
420 2722 451 2756 τε
470 2699 572 2771 ἑωυτῆς
586 2695 715 2772 μάλιστα
731 2696 765 2772 δή
782 2696 847 2757 τότε
865 2695 953 2773 άκμά-

149 2807 236 2855 σασα,
253 2783 299 2842 καὶ
319 2782 353 2858 δή
373 2783 418 2842 καὶ
438 2788 488 2859 τῆς
504 2783 608 2860 Ἰωνίης
628 2783 663 2860 ἦν
683 2785 850 2863 πρόσχημα·
872 2783 952 2842 κατύ-

149 2872 233 2947 ’περθε
246 2871 276 2930 δέ
286 2870 398 2941 τούτων,
410 2873 455 2931 ἐπὶ
469 2870 518 2930 δύο
531 2871 628 2952 γενεάς
641 2872 746 2950 ἀνδρῶν
760 2871 913 2946 νοσήσασα
927 2875 954 2934 ἐς

150 2957 184 3016 τά
196 2958 325 3034 μάλιστα
338 2959 435 3028 στάσι,
450 2960 533 3038 μέχρι
548 2957 580 3018 οὗ
594 2986 642 3036 μιν
654 2960 758 3037 Πάριοι
772 2958 952 3035 κατήρτισαν·

152 3045 264 3110 τούτους
285 3047 342 3129 γάρ
366 3051 591 3125 καταρτιστῆρας
619 3053 649 3106 ἐκ
676 3048 785 3107 πάντων
808 3047 954 3123 Ἑλλήνων

150 3135 259 3196 εἴλοντο
273 3140 299 3196 οἱ
315 3136 466 3212 Μιλήσιοι.
502 3135 696 3210 Κατήλλαξαυ
710 3135 741 3192 δέ
756 3142 848 3210 σφεας
862 3134 913 3193 ὧδε
927 3137 954 3192 οἶ
967 3137 1006 3191 29

150 3221 263 3301 Πάριοι.
305 3223 341 3288 ὥς
364 3223 498 3283 ἀπίκοντο
519 3221 610 3280 αὐτῶν
630 3219 726 3296 ἄνδρες
747 3225 774 3278 οἶ
795 3219 906 3296 άριστοι
927 3225 954 3279 ἐς

149 3310 201 3386 τήν
219 3313 359 3389 Μίλητον,
374 3311 460 3389 ὥριον
475 3310 531 3390 γάρ
547 3307 581 3380 δή
601 3312 693 3381 σφεας
712 3307 805 3367 δεινῶς
823 3305 954 3376 οἰκοφθο-
