2276 3554
170 131 279 196 14-16]
481 119 666 184 ποιτιιαικ.
933 137 979 185 ιιι

169 209 222 284 τήν
236 208 308 286 ἐμῆν
324 209 428 286 σκευὴν
444 215 550 279 πᾶσαν,
565 212 613 269 καὶ·
628 211 705 274 ἐνδύς
723 211 794 288 μετδ
809 216 892 272 τοῦτο
907 213 979 284 ἵζοιο

169 296 198 361 ἐς
222 297 273 358 τόν
295 297 362 374 ἐμόν
384 297 491 375 θρόνον,
514 299 561 358 καὶ
584 301 678 358 ἔπειτα
702 305 731 360 ἐν
756 300 835 380 κοίτῃ
861 304 897 379 τῇ
924 305 979 380 ἐμῇ

169 385 403 450 κατιπτνώσειας.”
439 387 545 464 Ξέρξης
558 389 610 464 μὲν
627 387 716 446 τοῦτοί
730 391 756 448 οἶ
770 390 858 469 ἔλεγε·
879 387 979 467 Ἀρτώ-
991 391 1027 448 16

168 475 259 549 βανος
272 473 347 548 8301}
360 478 399 554 τῷ
412 473 512 553 πρώτῳ
526 479 554 535 οἱ
568 474 738 550 κελεύσματι
753 475 917 554 πειθόμενος
931 477 978 538 οἶα

169 561 221 622 ούκ
248 561 408 640 ἀξιεύμενος
430 567 458 624 ἐς
478 563 528 622 τόν
551 563 709 640 βασιλήϊον
731 563 831 638 θρόνον
860 565 979 637 ἵζεσθαι,

168 651 253 714 τέλος
266 650 301 714 ώς
313 649 494 728 ἠναγκάζετο,
510 653 588 714 εἶπας
601 649 667 710 τάδε
682 653 772 710 ἐποίεε
785 651 818 712 τό
833 652 979 730 κελευόμε-
1004 704 1007 714 .

169 765 228 798 νον·
270 739 361 798 “’ίσον
379 742 475 808 ἐκεῖνο,
490 737 511 798 ὦ
528 741 664 815 βασιλεῦ,
683 739 748 816 παρ’
768 741 831 816 ἐμοὶ
849 741 979 817 κέκριται,

170 831 302 902 φρονέειν
319 853 349 886 τε
369 825 398 885 εὖ
418 827 520 906 καὶτῷ
538 829 651 907 λέγοντι
668 828 783 906 χρηστό
801 829 909 888 ἐθέλειν
922 829 980 888 πεί-

169 916 282 974 θεσθαι·
303 915 339 974 τό
355 917 390 975 σὲ
404 915 450 974 καὶ
464 913 613 992 ἀμφότερα
631 916 808 992 περιήκοντα,
827 914 980 994 ἀνθρώπων

169 1007 263 1062 κακῶν
284 1003 393 1079 ὁμιλίαι
418 1001 598 1078 σφάλλουσι·
624 1003 695 1064 κατώ
717 1031 770 1081 περ
791 1003 844 1080 την
870 1003 981 1065 πόντων

168 1091 388 1169 χρησιμωτάτην
398 1090 572 1168 ἀνθρώποισι
583 1092 735 1152 θάλασσαν
747 1091 892 1170 πνεύματά
906 1100 981 1168 φασι

169 1177 279 1256 ἀνέμων
301 1181 482 1256 ἐμπίπτοντα,
505 1179 537 1240 ού
557 1185 691 1258 περιορᾶν
713 1180 802 1256 φύσει
821 1185 859 1260 τῇ
880 1184 982 1256 ἑωυτῆς

167 1269 306 1346 χρῆσθαι.
348 1271 397 1344 ἐμὲ
422 1268 451 1326 δέ
472 1266 633 1328 ἀκούσαντα
656 1269 726 1346 πρός
750 1271 802 1328 σεῦ
831 1272 920 1332 κακῶς
948 1268 982 1328 ού

170 1361 295 1416 τοσοῦτο
322 1357 401 1416 ἔδακε
428 1355 515 1432 λύπη,
542 1355 621 1427 ὅσον,
648 1359 779 1438 γνωμέων
802 1355 851 1416 δύο
871 1383 980 1434 προκει-

493 1447 506 1462 fl
558 1447 567 1467 ἱ
602 1444 614 1467 ff

169 1447 275 1522 μενέων
288 1445 521 1524 Πέρσησι,-τ·ης
533 1470 586 1520 μεν
598 1445 682 1521 υβριν
695 1444 869 1521 αὐξανούσης
881 1448 932 1522 τῆς
945 1445 975 1504 δὲ

170 1533 396 1610 καταπαυούσης,
411 1534 457 1591 καὶ
470 1531 613 1613 λεγούσης
626 1532 661 1595 ώς
680 1533 765 1593 κακόν
780 1533 821 1609 εἴη
836 1532 977 1594 διδάσκειν

172 1621 226 1697 τὴν
240 1623 334 1700 ψυχὴν
347 1623 437 1681 πλέον
449 1643 485 1680 τι·
492 1621 623 1696 δίζησθαι
641 1623 695 1680 αἰεὶ
712 1623 785 1700 ἔχειν
801 1625 851 1682 τοῦ
865 1621 981 1699 παρεόν-

169 1711 415 1779 τος,-·τοιουτε’ων
425 1710 626 1786 προκειμενέων
639 1711 777 1790 γνωμέων,
789 1709 833 1770 ὅτι
842 1709 893 1785 τὴν
904 1716 980 1785 σφα-

170 1799 328 1876 λερωτέρην
345 1801 457 1875 σεωυτῷ
476 1823 507 1855 τε
521 1797 566 1854 καὶ
581 1796 715 1875 Πέρσησι
731 1797 851 1875 οἷναίρεο·
872 1800 922 1856 νῦν
935 1796 981 1868 ὧν,

172 1887 268 1962 ἐπειδη
288 1885 425 1964 τέτραψαι
448 1884 494 1943 ἐπὶ
510 1885 562 1960 τὴν
584 1883 694 1961 α’μείνω,
716 1884 773 1964 φῄς
792 1911 838 1944 τοι
857 1885 979 1961 μετιέντι

170 1976 221 2035 τόν
244 1975 287 2034 ἐπ’
305 1975 450 2050 Ἕλληνας
474 1973 582 2033 στόλον
606 1977 756 2049 ἐπιφοιτᾶν
779 1971 885 2050 ὄνειρον
914 1973 979 2034 θεοῦ

170 2089 246 2127 τινος
266 2067 375 2141 πομπῇ,
390 2061 440 2122 ούκ
461 2061 549 2121 ε’ὣντώ
569 2087 603 2120 σε
625 2060 774 2122 καταλύειν
794 2061 843 2122 τόν
862 2061 979 2122 στόλον·

171 2151 239 2210 ἀλλ’
253 2151 317 2211 οὐδὲ
335 2150 424 2210 ταῦτά
443 2156 513 2220 ἐστι,
528 2149 550 2208 ὦ
567 2152 627 2218 παῖ,
643 2149 713 2209 θεῖα·
739 2149 852 2209 ἐνύπνια
870 2149 925 2230 γὰρ
944 2149 980 2210 τοὶ

172 2245 200 2303 ἐς
213 2239 376 2317 ἀνθρώπους
393 2239 595 2314 πεπλανημένα
613 2237 728 2297 τοιαῦτά
741 2242 804 2297 ἐστι
818 2237 865 2296 otei
877 2264 912 2297 σε
926 2237 981 2320 ἐγώ

172 2329 281 2399 διδάξω,
304 2331 379 2388 ἔτεσι
404 2331 456 2388 σεῦ
476 2330 615 2387 πολλοῖσι
635 2326 829 2404 πρεσβύτερος
850 2326 910 2387 ἐών·
932 2353 979 2386 πε-

171 2418 339 2494 πλανῆσθαι
352 2414 434 2476 αὗται
448 2415 578 2492 μάλιστα
592 2415 696 2474 ἐώθασι
710 2418 739 2474 αἱ
752 2414 830 2493 ὄψιες
843 2419 898 2476 τῶν
912 2415 979 2476 όνει-

171 2506 271 2583 ράτων,
291 2505 326 2566 τοί
346 2531 388 2568 τις
408 2504 513 2582 ἡμέρης
532 2504 683 2582 φροντίζει·
708 2503 788 2581 ἡμεῖς
809 2503 838 2563 δὲ
858 2503 908 2567 τοὶς
926 2503 981 2580 πρό

171 2598 223 2654 τοῦ
240 2593 347 2671 ἡμέρας
365 2592 469 2669 ταύτην
486 2591 538 2666 τὴν
558 2593 773 2669 στρατηλασίην
787 2593 833 2650 καὶ
846 2591 879 2652 τό
894 2591 982 2668 κάρτα

173 2684 286 2762 εἴχομεν
295 2681 368 2759 μετὰ
377 2685 483 2762 χεῖρας·
505 2681 569 2740 εἰδὲ
581 2674 635 2758 όρα
648 2679 688 2756 μη
704 2682 764 2740 ἔστι
777 2685 861 2740 τοῦτο
870 2685 982 2740 τοιοῦτο

173 2771 233 2830 οἷον
246 2771 302 2852 ἐγώ
315 2771 431 2848 διαιρέω,
447 2769 525 2828 ἄλλό
538 2795 565 2828 τι
579 2773 628 2828 τοῦ
648 2770 713 2829 θεοῦ
731 2770 859 2848 μετέχον,
874 2769 911 2828 σι)
924 2773 981 2830 πᾶν

173 2858 258 2923 αύτῦς
275 2859 434 2936 συλλαβών
453 2859 571 2934 εἴρηκας·
594 2857 709 2933 φανήτω
728 2857 783 2938 γοῖρ
801 2858 834 2932 δὴ
855 2858 900 2916 καὶ
919 2858 982 2934 ἐμοὶ

175 2947 210 3012 ὥς
224 2949 271 3007 καὶ
284 2949 333 3008 σοὶ
346 2947 584 3023 διακελευόμενον.
606 2951 728 3022 φανῆναι
739 2946 768 3004 δὲ
780 2945 857 3004 οῦδὲν
867 2945 981 3022 μᾶλλόν

174 3063 224 3114 μοι
244 3036 357 3113 ὀφείλει
378 3037 470 3115 ἔχοντι
490 3035 541 3111 τὴν
563 3035 619 3110 σήν
639 3036 747 3110 ἐσθῆτα
767 3033 785 3110 ἢ
807 3033 839 3093 ού
861 3033 907 3091 καὶ
929 3032 981 3108 τήν

175 3125 255 3202 ἐμήν·
280 3123 344 3185 οῦδέ
361 3151 389 3184 τι
406 3127 520 3199 μᾶλλον
539 3128 568 3182 ἐν
586 3123 664 3198 κοίτη
678 3148 713 3198 τη
728 3126 768 3197 σῇ
782 3119 982 3195 ἀναπαυομένῳ

174 3211 239 3289 ἢοῦ
264 3215 311 3273 καὶ
333 3218 363 3274 ἐν
386 3216 422 3290 τῇ
447 3215 510 3288 ἐμῇ·
541 3209 616 3281 εἴπερ
643 3233 676 3285 γε
704 3207 749 3261 καὶ
777 3204 871 3261 ἄλλως
891 3203 982 3258 ἐθέλει

176 3305 310 3379 φανῆναι·
332 3301 364 3362 οὗ
384 3300 439 3380 γὰρ
461 3297 495 3372 δι)
518 3302 545 3356 ἐς
564 3290 685 3351 τοσοῦτό
700 3311 734 3365 γε
748 3285 873 3356 εὐηθείης
886 3285 981 3355 ἀνήκει
