2250 3552
165 133 273 198 ,ιι-59]
479 135 665 184 mmmm.
692 143 694 147 ’
922 133 969 181 υου

164 239 221 283 νον,
232 217 268 292 τῇ
279 215 326 273 καὶ
334 213 485 291 Δήμητρος
494 214 668 288 Ἐλευσινίης
679 211 739 289 ίρῦν
749 209 845 288 ἧσται·
856 209 969 288 ἀνέμενε

164 299 195 359 δὲ
207 301 289 360 τοῦδε
303 302 401 372 εἵνεκα,
417 302 470 377 ἵνα,
484 301 518 379 ἢν
531 303 571 380 μη
586 301 712 380 ἀπολίπῃ
725 300 774 360 τόν
785 303 876 378 χώραν
890 305 919 359 ἐν
931 303 970 378 τῷ
1030 329 1032 334 ’

164 389 315 469 ἐτετάχατο
339 389 355 450 ό
378 389 596 468 Ἀμομφάρετός
621 417 653 450 τε
674 389 720 449 καὶ
744 388 760 448 ὁ
782 388 878 467 λόχος,
902 386 968 447 ἀλλ’

164 476 250 536 αύτοῦ
263 479 376 554 μένωσι,
390 479 509 555 βσηθέοι
523 478 615 538 ὀπίσω
628 476 693 554 παρ’
710 477 837 542 ἐκείνους.
880 477 926 536 καὶ
941 476 971 535 οἵ

163 589 195 624 τε
212 565 288 642 ἀμφὶ
305 567 355 626 τάν
364 566 582 644 Ἀμομφάρετον
600 563 783 646 παρεγίνοντό
805 571 860 638 σφι
883 565 930 623 καὶ
948 563 968 640 ἡ

165 653 250 717 ἵππος
270 655 289 730 ἦ
310 659 365 714 τών
385 654 542 732 βαρβάρων
563 654 730 731 προσέκειτο
747 656 838 712 πάσα·
863 655 890 711 οἱ
911 653 967 732 γάρ

164 741 282 802 ἱππόται
296 744 405 802 ἐποίευν
423 743 483 802 οἶον
501 743 546 801 καὶ
561 742 684 802 ἐώθεσαν
697 741 800 800 ποιέειν
813 740 875 798 αἰεί·
898 741 968 799 ἰδόν-

163 855 209 893 τες
222 829 251 889 δὲ
264 830 314 891 τόν
326 834 419 910 χῶρον
433 831 522 890 κεινὸν
536 835 565 890 ἐν
578 835 616 908 τῷ
630 829 779 908 ἐτετάχατο
793 827 968 903 οἱἜλληνες
1015 860 1017 864 ·

163 921 232 996 τῇσι
252 921 406 997 προτέρῃσι
422 918 554 998 ἡμέρῃσι,
572 917 695 994 ἤλαυνον
713 917 777 979 τοῦς
796 917 897 978 ἵππους
914 916 968 974 αἰεὶ

163 1005 196 1064 τό
209 1007 317 1082 πρόσω·
339 1007 384 1066 καὶ
395 1007 453 1083 ἅμα
467 1005 677 1080 καταλαβόντες
690 1003 863 1082 προσεκέατό
877 1008 942 1077 σφι.

205 1095 363 1172 Μαρδόνιος
379 1095 408 1154 δέ
427 1094 462 1157 ώς
479 1093 596 1154 ἐπύθετο
613 1093 678 1156 τοῦς
686 1093 831 1168 Ἕλληνας
851 1091 965 1170 ἀποιχο-
974 1094 1012 1154 58

162 1183 262 1258 μένους
281 1183 336 1243 ῦπδ
355 1183 445 1258 νύκτα,
471 1183 527 1242 εἶδέ
547 1208 578 1242 τε
599 1183 648 1242 τόν
670 1187 762 1261 χῶρον
787 1185 897 1258 ἐρῆμον,
920 1207 966 1239 κα-

162 1271 250 1334 λέσας
266 1272 316 1331 τάν
331 1275 509 1348 Ληρισσαῖον
524 1270 643 1348 Θώρηκα
660 1271 703 1328 καλ
726 1268 791 1333 τοῦς
811 1268 966 1345 ἀδελφεούς

162 1358 246 1419 αὐτοῦ
259 1359 426 1437 Εὐρύπυλον
439 1360 486 1418 καὶ
498 1349 682 1436 Θρασυδήίον,
697 1360 785 1438 ἔλεγε·
809 1357 856 1416 “αἰ
870 1358 965 1421 παῖδες

161 1445 290 1523 Ἀλεύεω,
307 1449 346 1508 ἐτι
363 1449 393 1507 τί
407 1449 510 1518 λέξετε,
527 1447 593 1506 τάδε
613 1446 738 1524 ὁρέοντες
761 1449 863 1524 ἐρῆμα;
888 1445 966 1520 ύμεῖς

161 1535 217 1616 γάρ
230 1540 258 1596 οἶ
269 1535 465 1615 πλησιόχωροι
478 1536 589 1615 ἐλέγετε
601 1535 836 1610 Λακεδαιμονίους
852 1534 884 1594 ού
899 1534 964 1610 φεύ-

161 1649 221 1704 γειν
237 1629 268 1684 ἐκ
285 1623 386 1703 μάχης,
404 1623 482 1682 ἀλλά
498 1621 597 1700 ἄνδρας
616 1623 685 1682 εἶναι
701 1622 737 1682 τά
754 1623 877 1699 πολέμια
891 1622 964 1698 πρώ-

161 1729 238 1775 τους’
254 1713 319 1776 τοῦς
331 1711 467 1789 πρότερόν
478 1737 510 1771 τε
523 1711 743 1788 μετισταμένους
759 1716 789 1770 ἐκ
802 1717 852 1786 τῆς
870 1711 963 1778 τάξιος

162 1799 255 1871 εἴδετε,
272 1803 322 1860 νῦν
337 1825 367 1859 τε
387 1799 442 1858 ύπδ
462 1799 515 1874 την
535 1800 741 1878 παροιχομένην
765 1798 849 1858 νύκτα
871 1799 917 1856 καὶ
937 1802 964 1857 οἱ

161 1887 262 1950 πάντες
276 1887 391 1964 ὁρέομεν
406 1886 578 1964 διαδράντας·
600 1886 721 1955 διέδεξάν
738 1913 777 1956 τε,
797 1888 858 1944 ἐπεί
872 1892 964 1960 σφεας

161 1975 218 2036 ἐδεε
235 1975 306 2053 πρός
324 1975 389 2039 τοῦς
409 1975 547 2053 ἀψευδέως
565 1974 697 2050 ἀρίστους
716 1973 867 2050 ἀνθρώπων
885 1972 963 2053 μάχῃ

161 2063 343 2140 διακριθῆναι,
367 2062 411 2123 ὅτι
438 2062 545 2125 οὐδένες
572 2061 626 2139 ἅμα
652 2061 742 2124 ἐόντες
763 2067 792 2121 ἐν
814 2061 963 2138 οῦδαμοῖσι

161 2155 240 2211 ἐοῦσι
255 2151 384 2226 Ἕλλησι
401 2149 637 2211 ἐναπεδεικνύατο·
662 2150 708 2208 καὶ
728 2149 794 2226 ύμῖν
813 2153 864 2227 μὲν
885 2154 963 2210 ἐοῦσι

161 2240 296 2316 Περσέων
312 2238 455 2315 ἀπείροισι
471 2237 568 2315 πολλὴ
586 2239 615 2297 ἐκ
633 2265 666 2319 γε
685 2243 750 2315 ἐμεῦ
771 2240 876 2321 ἐγίνετο
894 2265 961 2320 συγ-

159 2326 265 2406 γνώμη,
283 2325 463 2388 ἐπαινεόντων
477 2325 592 2390 τούτους
606 2328 686 2386 τοῖσί
696 2353 724 2386 τι
739 2330 784 2386 καὶ
801 2329 961 2408 συνῃδέατε·

160 2413 338 2492 Ἀρταβάζου
358 2415 388 2475 δέ
406 2415 490 2494 θῦμα
508 2415 554 2474 καὶ
569 2419 684 2491 μᾶλλον
698 2409 854 2493 ἐποιεύμην,
869 2417 902 2477 τὸ
916 2417 962 2476 καὶ

160 2504 373 2580 καταρρωδῆσαι
392 2503 633 2579 Λακεδαιμονίους,
656 2504 909 2581 καταρρωδήσαντά
930 2531 961 2564 τε

159 2590 351 2662 ἀποδέξασθαι
366 2591 479 2672 γνώμην
496 2590 666 2668 δειλοτάτην,
683 2591 718 2654 ώς
734 2591 817 2670 χρεόν
837 2593 879 2668 ε’ίη
897 2592 960 2653 ἀνα-

160 2679 306 2750 ζεύξαντας
317 2679 351 2740 τῦ
365 2679 556 2758 στρατόπεδον
570 2679 638 2738 ἰέναι
652 2684 679 2742 ἐς
692 2678 725 2739 τό
742 2679 875 2755 Θηβαίων
888 2679 960 2740 ἀστυ

157 2768 443 2845 πολιορκησομένους·
461 2766 514 2843 τήν
527 2767 567 2826 ἔτι
579 2766 650 2844 πρός
664 2771 729 2844 ἐμεῦ
742 2767 881 2844 βασιλεῦς
896 2762 961 2825 πεύ-

159 2879 250 2938 σεται.
292 2855 338 2915 καὶ
350 2855 454 2916 τούτων
465 2858 516 2932 μέν
530 2855 642 2932 ἑτέρωθι
656 2856 735 2914 ἔσται
749 2855 843 2936 λόγος·
864 2860 913 2916 νῦν
931 2858 961 2916 δὲ

160 2943 290 3003 ἐκείνοισι
307 2947 395 3004 ταῦτα
410 2947 522 3002 ποιεῦσι
540 2941 589 3002 οῦκ
608 2944 773 3020 ἐπιτρεπτέα
791 2944 861 3003 ἐστί·
883 2943 960 3004 ἀλλά

160 3030 283 3091 διωκτέοι
297 3031 353 3091 εἰσὶ
367 3036 393 3093 ἐς
403 3031 419 3091 ὃ
429 3031 677 3106 καταλαμφθέντες
690 3029 815 3092 δώσουσι
825 3031 892 3108 ἡμῖν
905 3037 959 3092 τῶν

160 3117 194 3194 δή
213 3119 350 3195 ἐποίησαν
369 3119 484 3196 Πέρσας
501 3118 611 3177 πάντων
627 3119 728 3183 δίκας.”
768 3124 862 3180 Ταῦτα
881 3121 1005 3183 εἴπας59

94 3263 97 3270 .
158 3204 211 3287 ἦγε
230 3207 295 3269 τοῦς
316 3208 431 3282 Πέρσας
451 3205 550 3284 δρόμῳ,
574 3205 725 3282 διαβάντας
747 3207 797 3268 τόν
817 3206 957 3278 Ἀσωπὸν,

159 3295 231 3354 κατὰ
243 3293 348 3370 στίβον
360 3297 415 3354 τῶν
432 3293 576 3368 Ἑλλήνων
590 3293 625 3357 ὦς
638 3295 672 3370 δὴ
689 3294 957 3372 ἀποδιδρησκόντων·
