2258 3568
132 155 227 220 7-11]
478 158 591 204 EPATss.
906 160 935 207 61

133 235 221 296 κακόν
240 259 269 296 τι
284 237 396 312 λαβεῖν·
420 239 508 294 ταῦτα
529 233 730 315 ἐπιλεγόμενοι,
752 235 939 306 συλλέξαντες

131 329 188 384 τῶν
199 323 300 383 Ἰάνων
315 323 379 386 τοῦς
391 322 539 400 τυράννους
560 323 586 382 οἳ
602 322 647 382 ύπ’
661 322 869 404 Ἀρισταγόρεω
885 327 938 401 μὲν

132 416 184 471 τοῦ
197 412 345 487 Μιλησίου
359 412 558 476 καταλυθέντες
576 415 632 471 τῶν
648 411 755 491 ἀρχέων
772 414 890 494 ἔφευγον
911 417 939 478 ἐς

132 499 443 580 Μήδους-ἐτύγχανον
467 500 496 559 δὲ
519 501 584 560 τότε
611 500 864 578 συστρατευόμενοι
891 501 938 560 ἐπὶ

132 588 186 663 τήν
204 587 481 663 Μίλητον-τούτων
503 593 557 648 τῶν
579 588 685 666 ἀνδρῶν
702 589 766 652 τοῦς
784 590 937 666 παρεόντας

133 677 363 756 συγκαλέσαντες
377 677 474 757 ἔλεγόν
487 683 543 753 σφι
555 677 631 737 τάδε·
646 687 663 712 “
673 675 769 754 ἀνδρες
777 677 877 748 Ἴωνες,
890 683 938 738 νῦν

132 791 177 827 τις
198 763 288 842 ύμέων
309 763 339 824 εὖ
357 765 478 841 ποιήσας
497 766 612 842 φανήτω
628 765 677 826 τάν
697 767 838 842 βασιλέος
851 767 936 827 οἶκον·

132 853 200 916 τοῦς
211 853 268 934 γάρ
283 857 383 913 ἐωυτοῦ
401 854 518 918 ἕκαστος
532 855 622 932 ῦμέων
642 854 780 930 πολιήτας
793 855 937 932 πειράσθω

133 939 298 1020 ἀποσχίζων
311 941 368 1001 α’πά
387 947 437 1002 τοῦ
453 947 555 1002 λοιποῦ
569 947 760 1022 συμμαχικοῦ.
802 943 937 1022 προϊσχό-

134 1055 215 1105 μενοι
232 1029 262 1088 δέ
281 1031 489 1110 ἐπαγγείλασθε
507 1030 581 1100 τάδε,
596 1031 631 1094 (ῦς
650 1031 798 1090 πείσονταί
809 1057 839 1090 τε
853 1031 938 1110 ἀχαρι

135 1117 216 1177 οὐδὲν
229 1118 274 1178 &d
287 1117 339 1194 τήν
352 1117 521 1188 ἀπόστασιν,
536 1119 600 1178 ούδέ
613 1126 669 1195 σφι
683 1117 747 1178 οὔτε
760 1118 796 1178 τά
811 1119 856 1196 ἶρά
876 1119 937 1178 οὔτε

134 1206 171 1263 τά
189 1207 245 1264 ἴδια
264 1206 480 1283 ἐμπεπρήσεται,
496 1206 558 1266 οὐδὲ
576 1207 736 1284 βιαιότερον
751 1207 845 1276 ἕξουσι
859 1205 937 1266 ούδέν

134 1291 154 1368 ἦ
172 1294 307 1371 πρότερον
327 1294 412 1372 εἶχον·
434 1298 458 1352 εἰ
477 1295 506 1353 δέ
526 1299 613 1354 ταῦτα
631 1297 683 1371 μὲν
697 1294 729 1354 οὗ
743 1295 897 1370 ποιήσουσι
912 1298 937 1354 οἶ

135 1381 166 1440 δὲ
184 1381 292 1446 πάντως
311 1382 356 1441 διά
374 1382 467 1462 μάχης
489 1383 660 1453 ἐλεύσονται,
679 1382 744 1442 τάδε
766 1391 821 1460 σφι
840 1385 936 1464 λέγετε

136 1471 334 1548 ἐπηρεάζοντες
354 1470 442 1547 τάπερ
465 1473 556 1546 σφέας
573 1471 689 1540 κατέξει·
713 1470 747 1534 ὦς
768 1472 937 1540 ἑσσωθέντες

135 1563 172 1638 τῇ
191 1558 270 1637 μάχη
286 1559 566 1636 ἐξανδραποδιεῦνται,
583 1560 628 1618 καὶ
642 1559 676 1622 ὥς
690 1567 786 1635 σφεων
798 1559 862 1622 τοῦς
875 1563 937 1618 παῖ-

136 1647 185 1709 δας
204 1648 332 1723 ἐκτομίας
348 1647 505 1724 ποιήσομεν
522 1647 572 1710 τάς
591 1647 620 1706 δέ
638 1648 792 1725 παρθένους
811 1647 937 1707 ἀνασπά-

136 1759 222 1797 στους
236 1740 263 1798 ἐς
277 1735 397 1811 Βάκτρα,
414 1737 460 1792 καὶ
480 1735 515 1798 οἷς
532 1735 584 1812 τήν
602 1735 695 1815 χιύρην
713 1735 831 1794 ἀλλοισι
849 1762 937 1813 παρα-

136 1822 290 1899 δύσομεν.”
332 1827 368 1882 Οἶ
381 1825 433 1898 μὲν
452 1823 485 1899 δή
502 1825 599 1904 ἔλεγον
612 1827 708 1884 ταῦτα·
729 1828 784 1884 τῶν
798 1825 828 1882 δὲ
839 1823 937 1884 Ἰάνων
952 1825 983 1888 ll.

136 1913 163 1969 οἱ
176 1911 305 1987 τύραννοι
318 1911 470 1988 διέπεμπον
480 1912 577 1974 νυκτός
592 1913 708 1975 ἕκαστος
723 1917 750 1975 ἐς
763 1912 827 1976 τοῦς
838 1916 937 1972 έωυτοῦ

136 1999 384 2080 ἐξαγγελλόμενος.
427 2002 453 2058 οἱ
470 1999 500 2058 δὲ
508 1999 601 2063 Ἴωνες
619 2005 646 2062 ἐς
663 2000 728 2062 τούς
747 2001 792 2058 καὶ
805 1999 937 2060 ἀπίκοντο

136 2083 218 2146 αῦται
240 2090 269 2146 αἱ
290 2086 430 2168 ἀγγελίαι,
449 2086 633 2169 ἀγνωμοσύνῃ
655 2114 686 2148 τε
707 2089 870 2167 διεχρέωντο
892 2090 938 2148 καὶ

136 2174 169 2234 ού
189 2176 341 2252 προσίεντο
361 2175 413 2251 τήν
435 2175 599 2252 προδοσίην·
622 2178 751 2236 ἐωυτοῖσί
770 2203 800 2236 τε
824 2178 937 2237 ἔκαστοι

136 2263 246 2323 ἐδόκεον
258 2262 389 2340 μούνοισι
401 2268 488 2324 ταῦτα
500 2265 565 2327 τοῦς
578 2266 691 2342 Πέρσας
704 2265 936 2346 ἐξαγγέλλεσθαι.

134 2355 223 2411 ταῦτα
235 2353 288 2428 μέν
301 2378 349 2412 νυν
364 2353 440 2415 ἰθέως
453 2351 625 2429 ἀπικομένων
639 2358 666 2416 ἐς
678 2352 730 2428 τήν
738 2355 869 2430 Μίλητον
882 2359 937 2414 τῶν

135 2441 271 2517 Περσέων
292 2441 405 2520 ἐγίνετο.

175 2529 258 2586 Μετά
273 2528 310 2598 δέ,
325 2532 379 2587 τῶν
388 2528 487 2588 Ἰώνων
500 2529 713 2606 συλλεχθέντων
727 2533 754 2590 ἐς
766 2525 819 2605 τήν
832 2529 935 2606 Λάδην,
949 2529 982 2586 ll

135 2618 261 2697 ἐγίνοντο
279 2617 389 2696 ἀγοραί·
411 2618 457 2674 καὶ
475 2616 509 2692 δή
527 2642 575 2675 κου
595 2625 650 2692 σφι
669 2619 714 2676 καὶ
733 2616 820 2676 ἀλλοι
837 2617 936 2699 ήγορό-

134 2731 213 2776 ωντο,
229 2710 258 2764 ἐν
277 2705 306 2764 δέ
325 2705 358 2780 δή
378 2706 424 2764 καὶ
454 2703 482 2786 ὁ]
500 2705 627 2768 Φωκαεύς
641 2704 824 2787 [στρατηγάς]
839 2705 936 2765 Διονύ-

134 2819 197 2856 σιος
210 2795 302 2874 λέγων
315 2793 390 2851 τάδε·
412 2804 430 2828 “
439 2795 484 2852 ἐπὶ
498 2793 581 2870 ξυροῦ
594 2793 649 2874 γάρ
663 2793 753 2871 ἀκμῆς
764 2795 855 2871 ἔχεται
868 2793 936 2870 ἡμῖν
954 2805 957 2812 “

133 2881 169 2940 τά
188 2881 350 2962 πρήγματα,
373 2879 468 2958 ἀνδρες
484 2879 617 2958 Ἶωνες,ἢ
636 2882 704 2942 εἶναι
723 2883 896 2958 ἐλευθέροισι
918 2879 937 2957 ἢ

134 2968 274 3040 δούλοισι,
289 2970 334 3027 καὶ
353 2965 479 3028 τούτοισι
500 2968 535 3032 ὦς
556 2969 719 3049 δρηπέτῃσι·
741 2974 788 3028 νῦν
803 2969 839 3028 ὦν
857 2969 936 3045 ῦμέες

133 3054 235 3134 ἢνμέν
248 3057 398 3133 βούλησθε
414 3059 602 3132 ταλαιπωρίας
617 3058 783 3122 ἐνδέκεσθαι,
798 3057 830 3113 τὰ
850 3082 937 3129 παρα-

134 3149 233 3223 χρῆμα
246 3147 299 3221 μέν
312 3143 397 3206 πόνος
406 3144 472 3220 ύμῖν
486 3145 573 3211 ἐσται,
586 3143 642 3200 οἶοί
653 3167 683 3198 τε
698 3143 727 3197 δὲ
741 3141 842 3196 ἔσεσθε
855 3139 936 3212 ύπερ-

134 3232 316 3309 βαλλόμενοι
336 3231 401 3294 τοῦς
424 3231 561 3290 ἐναντίους
589 3228 657 3285 εἶναι
681 3225 829 3296 ἐλεύθεροι·
859 3227 882 3277 εἰ
909 3223 938 3276 δὲ

134 3321 262 3400 μαλακίῃ
274 3345 306 3379 τε
321 3319 367 3378 καὶ
381 3317 480 3394 ἀταξίῃ
495 3313 692 3392 διαχρήσεσθε,
707 3307 835 3378 ούδεμίαν
848 3304 937 3375 ῦμέων

141 3403 228 3458 lja-*5
