<?xml version="1.0" encoding="UTF-8"?>
<!DOCTYPE html PUBLIC "-//W3C//DTD XHTML 1.0 Transitional//EN"
    "http://www.w3.org/TR/xhtml1/DTD/xhtml1-transitional.dtd">
<html xmlns="http://www.w3.org/1999/xhtml" xml:lang="en" lang="en">
 <head>
  <title>
</title>
<meta http-equiv="Content-Type" content="text/html;charset=utf-8" />
  <meta name='ocr-system' content='tesseract 3.04.00' />
  <meta name='ocr-capabilities' content='ocr_page ocr_carea ocr_par ocr_line ocrx_word'/>
</head>
<body>
  <div class='ocr_page' id='page_1' title='image "./herodotusrecens00blakgoog_0292.png"; bbox 0 0 2250 3552; ppageno 0'>
   <div class='ocr_carea' id='block_1_1' title="bbox 166 127 973 758">
    <p class='ocr_par' dir='ltr' id='par_1_1' title="bbox 166 127 973 731">
     <span class='ocr_line' id='line_1_1' title="bbox 172 127 968 192; baseline 0.001 -13"><span class='ocrx_word' id='word_1_1' title='bbox 172 131 220 180; x_wconf 63' lang='lat'>28}</span> <span class='ocrx_word' id='word_1_2' title='bbox 480 127 661 177; x_wconf 73' lang='grc' dir='ltr'>ἨΡΟΔΟΤΟΤ</span> <span class='ocrx_word' id='word_1_3' title='bbox 905 127 968 192; x_wconf 83' lang='grc' dir='ltr'>[ῙΧ.</span> 
     </span>
     <span class='ocr_line' id='line_1_2' title="bbox 170 206 971 286; baseline -0.001 -17"><span class='ocrx_word' id='word_1_4' title='bbox 170 208 357 270; x_wconf 74' lang='grc' dir='ltr'>ἀντιώσεσθαι</span> <span class='ocrx_word' id='word_1_5' title='bbox 379 213 406 272; x_wconf 83' lang='grc' dir='ltr'>ἐς</span> <span class='ocrx_word' id='word_1_6' title='bbox 425 207 478 284; x_wconf 86' lang='grc' dir='ltr'>τὴν</span> <span class='ocrx_word' id='word_1_7' title='bbox 497 207 632 283; x_wconf 85' lang='grc' dir='ltr'>Βοιωτίην</span> <span class='ocrx_word' id='word_1_8' title='bbox 653 206 851 284; x_wconf 73' lang='grc' dir='ltr'>προδεδώκατε,</span> <span class='ocrx_word' id='word_1_9' title='bbox 871 212 971 286; x_wconf 83' lang='grc' dir='ltr'>περιεί-</span> 
     </span>
     <span class='ocr_line' id='line_1_3' title="bbox 171 293 970 374; baseline 0 -17"><span class='ocrx_word' id='word_1_10' title='bbox 171 297 233 357; x_wconf 88' lang='grc' dir='ltr'>δετέ</span> <span class='ocrx_word' id='word_1_11' title='bbox 251 323 282 357; x_wconf 93' lang='grc' dir='ltr'>τε</span> <span class='ocrx_word' id='word_1_12' title='bbox 303 294 468 374; x_wconf 89' lang='grc' dir='ltr'>ἐσβαλόντα</span> <span class='ocrx_word' id='word_1_13' title='bbox 488 299 515 359; x_wconf 89' lang='grc' dir='ltr'>ἐς</span> <span class='ocrx_word' id='word_1_14' title='bbox 529 294 582 370; x_wconf 70' lang='grc' dir='ltr'>τὴν</span> <span class='ocrx_word' id='word_1_15' title='bbox 594 293 724 370; x_wconf 83' lang='grc' dir='ltr'>Ἀττικὴν</span> <span class='ocrx_word' id='word_1_16' title='bbox 743 295 793 356; x_wconf 80' lang='grc' dir='ltr'>τόν</span> <span class='ocrx_word' id='word_1_17' title='bbox 810 296 970 373; x_wconf 86' lang='grc' dir='ltr'>βάρβαρον.</span> 
     </span>
     <span class='ocr_line' id='line_1_4' title="bbox 169 382 973 462; baseline -0.002 -16"><span class='ocrx_word' id='word_1_18' title='bbox 169 391 197 449; x_wconf 86' lang='grc' dir='ltr'>ἐς</span> <span class='ocrx_word' id='word_1_19' title='bbox 216 386 268 462; x_wconf 88' lang='grc' dir='ltr'>μέν</span> <span class='ocrx_word' id='word_1_20' title='bbox 288 411 336 444; x_wconf 93' lang='grc' dir='ltr'>νυν</span> <span class='ocrx_word' id='word_1_21' title='bbox 356 383 389 444; x_wconf 81' lang='grc' dir='ltr'>τό</span> <span class='ocrx_word' id='word_1_22' title='bbox 409 383 514 462; x_wconf 81' lang='grc' dir='ltr'>παρεόν</span> <span class='ocrx_word' id='word_1_23' title='bbox 526 382 671 458; x_wconf 82' lang='grc' dir='ltr'>Ἀθηναῖοι</span> <span class='ocrx_word' id='word_1_24' title='bbox 692 382 757 461; x_wconf 77' lang='grc' dir='ltr'>όμῖν</span> <span class='ocrx_word' id='word_1_25' title='bbox 777 384 917 461; x_wconf 82' lang='grc' dir='ltr'>μηνίουσι·</span> <span class='ocrx_word' id='word_1_26' title='bbox 940 384 973 444; x_wconf 76' lang='grc' dir='ltr'>οὐ</span> 
     </span>
     <span class='ocr_line' id='line_1_5' title="bbox 168 471 973 584; baseline 0.001 -52"><span class='ocrx_word' id='word_1_27' title='bbox 168 474 225 582; x_wconf 83' lang='grc' dir='ltr'>γάρ</span> <span class='ocrx_word' id='word_1_28' title='bbox 239 473 390 548; x_wconf 89' lang='grc' dir='ltr'>ἐποιήσατε</span> <span class='ocrx_word' id='word_1_29' title='bbox 406 471 561 548; x_wconf 79' lang='grc' dir='ltr'>ἐπιτηδέως·</span> <span class='ocrx_word' id='word_1_30' title='bbox 576 475 624 531; x_wconf 74' lang='grc' dir='ltr'>νῦν</span> <span class='ocrx_word' id='word_1_31' title='bbox 638 472 667 530; x_wconf 88' lang='grc' dir='ltr'>δὲ</span> <span class='ocrx_word' id='word_1_32' title='bbox 681 471 724 531; x_wconf 83' lang='grc' dir='ltr'>ὅτι</span> <span class='ocrx_word' id='word_1_33' title='bbox 737 472 823 550; x_wconf 89' lang='grc' dir='ltr'>τάχος</span> <span class='ocrx_word' id='word_1_34' title='bbox 837 473 973 584; x_wconf 82' lang='grc' dir='ltr'>στρατιὴν</span> 
     </span>
     <span class='ocr_line' id='line_1_6' title="bbox 168 559 973 638; baseline 0.002 -18"><span class='ocrx_word' id='word_1_35' title='bbox 168 559 226 638; x_wconf 82' lang='grc' dir='ltr'>ἅμα</span> <span class='ocrx_word' id='word_1_36' title='bbox 253 560 321 637; x_wconf 82' lang='grc' dir='ltr'>ημῖν</span> <span class='ocrx_word' id='word_1_37' title='bbox 343 559 534 620; x_wconf 88' lang='grc' dir='ltr'>ἐκέλευσαν</span> <span class='ocrx_word' id='word_1_38' title='bbox 518 560 603 636; x_wconf 88' lang='grc' dir='ltr'>υμέας</span> <span class='ocrx_word' id='word_1_39' title='bbox 626 560 784 636; x_wconf 87' lang='grc' dir='ltr'>ἐκπέμπειν,</span> <span class='ocrx_word' id='word_1_40' title='bbox 810 559 845 622; x_wconf 77' lang='grc' dir='ltr'>ὥς</span> <span class='ocrx_word' id='word_1_41' title='bbox 869 559 902 619; x_wconf 84' lang='grc' dir='ltr'>ἀν</span> <span class='ocrx_word' id='word_1_42' title='bbox 922 560 973 622; x_wconf 78' lang='grc' dir='ltr'>τόν</span> 
     </span>
     <span class='ocr_line' id='line_1_7' title="bbox 166 647 972 758; baseline -0.001 -50"><span class='ocrx_word' id='word_1_43' title='bbox 166 647 319 758; x_wconf 78' lang='grc' dir='ltr'>βάρβαρον</span> <span class='ocrx_word' id='word_1_44' title='bbox 346 648 527 725; x_wconf 83' lang='grc' dir='ltr'>δεκιίμεθα’</span> <span class='ocrx_word' id='word_1_45' title='bbox 515 673 544 707; x_wconf 91' lang='grc' dir='ltr'>εν</span> <span class='ocrx_word' id='word_1_46' title='bbox 569 653 605 726; x_wconf 79' lang='grc' dir='ltr'>τῇ</span> <span class='ocrx_word' id='word_1_47' title='bbox 632 648 757 726; x_wconf 77' lang='grc' dir='ltr'>Αττικῇ·</span> <span class='ocrx_word' id='word_1_48' title='bbox 796 648 955 725; x_wconf 81' lang='grc' dir='ltr'>ἐπειδὴ</span> <span class='ocrx_word' id='word_1_49' title='bbox 916 677 972 731; x_wconf 88' lang='grc' dir='ltr'>γαρ</span> 
     </span>
    </p>
   </div>
   <div class='ocr_carea' id='block_1_2' title="bbox 103 735 974 3378">
    <p class='ocr_par' dir='ltr' id='par_1_2' title="bbox 103 735 974 3378">
     <span class='ocr_line' id='line_1_8' title="bbox 168 735 972 850; baseline 0.001 -53"><span class='ocrx_word' id='word_1_50' title='bbox 168 736 330 850; x_wconf 75' lang='grc' dir='ltr'>ἡμάρτομεν</span> <span class='ocrx_word' id='word_1_51' title='bbox 342 741 392 813; x_wconf 77' lang='grc' dir='ltr'>τῆς</span> <span class='ocrx_word' id='word_1_52' title='bbox 406 737 596 813; x_wconf 88' lang='grc' dir='ltr'>Βοιωτίης,</span> <span class='ocrx_word' id='word_1_53' title='bbox 560 762 611 812; x_wconf 85' lang='grc' dir='ltr'>της</span> <span class='ocrx_word' id='word_1_54' title='bbox 627 762 660 818; x_wconf 85' lang='grc' dir='ltr'>γε</span> <span class='ocrx_word' id='word_1_55' title='bbox 676 735 811 813; x_wconf 84' lang='grc' dir='ltr'>ημετέρης</span> <span class='ocrx_word' id='word_1_56' title='bbox 827 739 972 813; x_wconf 80' lang='grc' dir='ltr'>ἐπιτηδειό-</span> 
     </span>
     <span class='ocr_line' id='line_1_9' title="bbox 166 824 973 904; baseline 0.001 -19"><span class='ocrx_word' id='word_1_57' title='bbox 166 824 252 886; x_wconf 87' lang='grc' dir='ltr'>τατόν</span> <span class='ocrx_word' id='word_1_58' title='bbox 279 831 341 885; x_wconf 88' lang='grc' dir='ltr'>ε’στι</span> <span class='ocrx_word' id='word_1_59' title='bbox 373 825 591 904; x_wconf 83' lang='grc' dir='ltr'>ἐμμαχέσασθαι</span> <span class='ocrx_word' id='word_1_60' title='bbox 623 825 657 885; x_wconf 81' lang='grc' dir='ltr'>τό</span> <span class='ocrx_word' id='word_1_61' title='bbox 691 824 827 901; x_wconf 80' lang='grc' dir='ltr'>Θριάσιον</span> <span class='ocrx_word' id='word_1_62' title='bbox 853 825 973 887; x_wconf 65' lang='grc' dir='ltr'>πεδίον.η</span> 
     </span>
     <span class='ocr_line' id='line_1_10' title="bbox 141 912 974 991; baseline 0.005 -19"><span class='ocrx_word' id='word_1_63' title='bbox 141 913 216 978; x_wconf 86' lang='grc' dir='ltr'>8Ὡς</span> <span class='ocrx_word' id='word_1_64' title='bbox 234 914 264 974; x_wconf 82' lang='grc' dir='ltr'>δέ</span> <span class='ocrx_word' id='word_1_65' title='bbox 283 913 338 991; x_wconf 81' lang='grc' dir='ltr'>ἀρα</span> <span class='ocrx_word' id='word_1_66' title='bbox 353 912 478 989; x_wconf 86' lang='grc' dir='ltr'>ἥκουσαν</span> <span class='ocrx_word' id='word_1_67' title='bbox 499 917 525 972; x_wconf 84' lang='grc' dir='ltr'>οἶ</span> <span class='ocrx_word' id='word_1_68' title='bbox 546 916 645 990; x_wconf 83' lang='grc' dir='ltr'>ἔφοροι</span> <span class='ocrx_word' id='word_1_69' title='bbox 664 917 760 982; x_wconf 78' lang='grc' dir='ltr'>ταῦτα,</span> <span class='ocrx_word' id='word_1_70' title='bbox 775 913 974 989; x_wconf 84' lang='grc' dir='ltr'>ἀνεβάλλοντο</span> 
     </span>
     <span class='ocr_line' id='line_1_11' title="bbox 168 1001 974 1082; baseline 0.004 -21"><span class='ocrx_word' id='word_1_71' title='bbox 168 1007 196 1066; x_wconf 88' lang='grc' dir='ltr'>ἐς</span> <span class='ocrx_word' id='word_1_72' title='bbox 213 1003 265 1079; x_wconf 74' lang='grc' dir='ltr'>τὴν</span> <span class='ocrx_word' id='word_1_73' title='bbox 284 1001 434 1079; x_wconf 71' lang='grc' dir='ltr'>ὑστεραίην</span> <span class='ocrx_word' id='word_1_74' title='bbox 451 1001 664 1078; x_wconf 77' lang='grc' dir='ltr'>ὑποκρίνασθαι·</span> <span class='ocrx_word' id='word_1_75' title='bbox 685 1006 721 1080; x_wconf 79' lang='grc' dir='ltr'>τῇ</span> <span class='ocrx_word' id='word_1_76' title='bbox 740 1002 770 1061; x_wconf 83' lang='grc' dir='ltr'>δὲ</span> <span class='ocrx_word' id='word_1_77' title='bbox 787 1002 929 1082; x_wconf 78' lang='grc' dir='ltr'>ὖστεραίῃ,</span> <span class='ocrx_word' id='word_1_78' title='bbox 945 1009 974 1069; x_wconf 89' lang='grc' dir='ltr'>ἐς</span> 
     </span>
     <span class='ocr_line' id='line_1_12' title="bbox 167 1090 974 1168; baseline 0.002 -17"><span class='ocrx_word' id='word_1_79' title='bbox 167 1092 219 1167; x_wconf 76' lang='grc' dir='ltr'>τὴν</span> <span class='ocrx_word' id='word_1_80' title='bbox 238 1092 341 1168; x_wconf 81' lang='grc' dir='ltr'>έτέρην.</span> <span class='ocrx_word' id='word_1_81' title='bbox 382 1094 465 1149; x_wconf 81' lang='grc' dir='ltr'>τοῦτο</span> <span class='ocrx_word' id='word_1_82' title='bbox 485 1091 530 1149; x_wconf 85' lang='grc' dir='ltr'>καὶ</span> <span class='ocrx_word' id='word_1_83' title='bbox 550 1091 595 1148; x_wconf 80' lang='grc' dir='ltr'>ἐπὶ</span> <span class='ocrx_word' id='word_1_84' title='bbox 612 1091 678 1150; x_wconf 91' lang='grc' dir='ltr'>δέκα</span> <span class='ocrx_word' id='word_1_85' title='bbox 690 1090 796 1168; x_wconf 87' lang='grc' dir='ltr'>ἡμέρας</span> <span class='ocrx_word' id='word_1_86' title='bbox 810 1093 926 1163; x_wconf 80' lang='grc' dir='ltr'>ἐποίεον,</span> <span class='ocrx_word' id='word_1_87' title='bbox 942 1094 974 1163; x_wconf 75' lang='grc' dir='ltr'>ἐξ</span> 
     </span>
     <span class='ocr_line' id='line_1_13' title="bbox 166 1176 974 1262; baseline 0.004 -24"><span class='ocrx_word' id='word_1_88' title='bbox 166 1179 271 1256; x_wconf 78' lang='grc' dir='ltr'>ἡμέρης</span> <span class='ocrx_word' id='word_1_89' title='bbox 293 1185 320 1242; x_wconf 83' lang='grc' dir='ltr'>ἐς</span> <span class='ocrx_word' id='word_1_90' title='bbox 339 1178 445 1256; x_wconf 77' lang='grc' dir='ltr'>ἡμέρην</span> <span class='ocrx_word' id='word_1_91' title='bbox 465 1176 705 1255; x_wconf 86' lang='grc' dir='ltr'>ἀναβαλλόμενοι·</span> <span class='ocrx_word' id='word_1_92' title='bbox 728 1184 757 1238; x_wconf 91' lang='grc' dir='ltr'>ἐν</span> <span class='ocrx_word' id='word_1_93' title='bbox 778 1179 808 1238; x_wconf 81' lang='grc' dir='ltr'>δὲ</span> <span class='ocrx_word' id='word_1_94' title='bbox 827 1179 915 1259; x_wconf 77' lang='grc' dir='ltr'>τούτῳ</span> <span class='ocrx_word' id='word_1_95' title='bbox 934 1189 974 1262; x_wconf 78' lang='grc' dir='ltr'>τῷ</span> 
     </span>
     <span class='ocr_line' id='line_1_14' title="bbox 166 1265 973 1348; baseline 0.002 -20"><span class='ocrx_word' id='word_1_96' title='bbox 166 1267 258 1348; x_wconf 82' lang='grc' dir='ltr'>χρόνῳ</span> <span class='ocrx_word' id='word_1_97' title='bbox 271 1267 319 1328; x_wconf 82' lang='grc' dir='ltr'>τόν</span> <span class='ocrx_word' id='word_1_98' title='bbox 328 1266 445 1344; x_wconf 79' lang='grc' dir='ltr'>Ἰσθμόν</span> <span class='ocrx_word' id='word_1_99' title='bbox 456 1265 585 1346; x_wconf 81' lang='grc' dir='ltr'>ἐτείχεον,</span> <span class='ocrx_word' id='word_1_100' title='bbox 597 1267 724 1343; x_wconf 83' lang='grc' dir='ltr'>σπονδὴν</span> <span class='ocrx_word' id='word_1_101' title='bbox 735 1268 844 1346; x_wconf 80' lang='grc' dir='ltr'>ἔχοντες</span> <span class='ocrx_word' id='word_1_102' title='bbox 857 1269 973 1346; x_wconf 86' lang='grc' dir='ltr'>πολλὴν</span> 
     </span>
     <span class='ocr_line' id='line_1_15' title="bbox 166 1355 971 1433; baseline 0.006 -20"><span class='ocrx_word' id='word_1_103' title='bbox 166 1355 267 1419; x_wconf 88' lang='grc' dir='ltr'>πάντες</span> <span class='ocrx_word' id='word_1_104' title='bbox 294 1357 532 1430; x_wconf 76' lang='grc' dir='ltr'>Πελοποννήσιοι·</span> <span class='ocrx_word' id='word_1_105' title='bbox 571 1356 619 1414; x_wconf 85' lang='grc' dir='ltr'>καί</span> <span class='ocrx_word' id='word_1_106' title='bbox 643 1363 699 1432; x_wconf 95' lang='grc' dir='ltr'>σφι</span> <span class='ocrx_word' id='word_1_107' title='bbox 726 1355 760 1431; x_wconf 86' lang='grc' dir='ltr'>ἦν</span> <span class='ocrx_word' id='word_1_108' title='bbox 787 1356 857 1433; x_wconf 79' lang='grc' dir='ltr'>πρός</span> <span class='ocrx_word' id='word_1_109' title='bbox 883 1359 971 1418; x_wconf 85' lang='grc' dir='ltr'>τέλεϊ.</span> 
     </span>
     <span class='ocr_line' id='line_1_16' title="bbox 168 1443 972 1523; baseline 0.002 -21"><span class='ocrx_word' id='word_1_110' title='bbox 168 1443 224 1502; x_wconf 78' lang='grc' dir='ltr'>οὐδ’</span> <span class='ocrx_word' id='word_1_111' title='bbox 234 1445 288 1523; x_wconf 88' lang='grc' dir='ltr'>ἐχω</span> <span class='ocrx_word' id='word_1_112' title='bbox 302 1445 377 1502; x_wconf 85' lang='grc' dir='ltr'>εἶπαι</span> <span class='ocrx_word' id='word_1_113' title='bbox 388 1443 422 1503; x_wconf 81' lang='grc' dir='ltr'>τό</span> <span class='ocrx_word' id='word_1_114' title='bbox 435 1444 532 1513; x_wconf 82' lang='grc' dir='ltr'>αἴτιον,</span> <span class='ocrx_word' id='word_1_115' title='bbox 543 1443 613 1504; x_wconf 83' lang='grc' dir='ltr'>διότι</span> <span class='ocrx_word' id='word_1_116' title='bbox 626 1444 795 1522; x_wconf 73' lang='grc' dir='ltr'>ἀπικομένου</span> <span class='ocrx_word' id='word_1_117' title='bbox 808 1448 861 1520; x_wconf 80' lang='grc' dir='ltr'>μὲν</span> <span class='ocrx_word' id='word_1_118' title='bbox 873 1443 972 1516; x_wconf 82' lang='grc' dir='ltr'>Ἀλεξ-</span> 
     </span>
     <span class='ocr_line' id='line_1_17' title="bbox 166 1531 970 1615; baseline 0.006 -25"><span class='ocrx_word' id='word_1_119' title='bbox 166 1531 267 1609; x_wconf 87' lang='grc' dir='ltr'>άνδρου</span> <span class='ocrx_word' id='word_1_120' title='bbox 278 1536 329 1590; x_wconf 79' lang='grc' dir='ltr'>τοῦ</span> <span class='ocrx_word' id='word_1_121' title='bbox 343 1531 505 1595; x_wconf 79' lang='grc' dir='ltr'>Μακεδόνος</span> <span class='ocrx_word' id='word_1_122' title='bbox 518 1538 545 1595; x_wconf 83' lang='grc' dir='ltr'>ἐς</span> <span class='ocrx_word' id='word_1_123' title='bbox 557 1532 678 1608; x_wconf 83' lang='grc' dir='ltr'>Ἀθήνας</span> <span class='ocrx_word' id='word_1_124' title='bbox 700 1533 825 1608; x_wconf 73' lang='grc' dir='ltr'>σπουδὴν</span> <span class='ocrx_word' id='word_1_125' title='bbox 839 1533 970 1615; x_wconf 77' lang='grc' dir='ltr'>μεγάλην</span> 
     </span>
     <span class='ocr_line' id='line_1_18' title="bbox 167 1619 973 1700; baseline 0.007 -22"><span class='ocrx_word' id='word_1_126' title='bbox 167 1620 336 1696; x_wconf 86' lang='grc' dir='ltr'>ἐποιήσαντο</span> <span class='ocrx_word' id='word_1_127' title='bbox 360 1619 400 1696; x_wconf 81' lang='grc' dir='ltr'>μὴ</span> <span class='ocrx_word' id='word_1_128' title='bbox 423 1620 541 1696; x_wconf 85' lang='grc' dir='ltr'>μηδίσαι</span> <span class='ocrx_word' id='word_1_129' title='bbox 562 1620 734 1698; x_wconf 86' lang='grc' dir='ltr'>Ἀθηναίους,</span> <span class='ocrx_word' id='word_1_130' title='bbox 757 1623 821 1682; x_wconf 89' lang='grc' dir='ltr'>τότε</span> <span class='ocrx_word' id='word_1_131' title='bbox 845 1622 874 1682; x_wconf 82' lang='grc' dir='ltr'>δὲ</span> <span class='ocrx_word' id='word_1_132' title='bbox 898 1621 973 1700; x_wconf 71' lang='grc' dir='ltr'>ὥρην</span> 
     </span>
     <span class='ocr_line' id='line_1_19' title="bbox 167 1707 972 1791; baseline 0.005 -24"><span class='ocrx_word' id='word_1_133' title='bbox 167 1707 338 1785; x_wconf 86' lang='grc' dir='ltr'>ἐποιήσαντο</span> <span class='ocrx_word' id='word_1_134' title='bbox 354 1707 492 1785; x_wconf 84' lang='grc' dir='ltr'>ου’δεμίαν,</span> <span class='ocrx_word' id='word_1_135' title='bbox 507 1708 581 1768; x_wconf 82' lang='grc' dir='ltr'>ἀλλο</span> <span class='ocrx_word' id='word_1_136' title='bbox 600 1720 633 1791; x_wconf 81' lang='grc' dir='ltr'>’γε</span> <span class='ocrx_word' id='word_1_137' title='bbox 651 1708 670 1785; x_wconf 81' lang='grc' dir='ltr'>ἡ</span> <span class='ocrx_word' id='word_1_138' title='bbox 688 1709 731 1770; x_wconf 84' lang='grc' dir='ltr'>ὅτι</span> <span class='ocrx_word' id='word_1_139' title='bbox 750 1710 766 1769; x_wconf 84' lang='grc' dir='ltr'>ὁ</span> <span class='ocrx_word' id='word_1_140' title='bbox 784 1709 899 1787; x_wconf 82' lang='grc' dir='ltr'>Ἰσθμός</span> <span class='ocrx_word' id='word_1_141' title='bbox 913 1719 972 1787; x_wconf 91' lang='grc' dir='ltr'>σφι</span> 
     </span>
     <span class='ocr_line' id='line_1_20' title="bbox 167 1796 971 1878; baseline 0.002 -21"><span class='ocrx_word' id='word_1_142' title='bbox 167 1799 344 1878; x_wconf 87' lang='grc' dir='ltr'>ἐτετείχιστο,</span> <span class='ocrx_word' id='word_1_143' title='bbox 374 1797 419 1856; x_wconf 83' lang='grc' dir='ltr'>καὶ</span> <span class='ocrx_word' id='word_1_144' title='bbox 454 1796 563 1857; x_wconf 90' lang='grc' dir='ltr'>ἐδόκεον</span> <span class='ocrx_word' id='word_1_145' title='bbox 596 1797 749 1873; x_wconf 82' lang='grc' dir='ltr'>Ἀθηναίων</span> <span class='ocrx_word' id='word_1_146' title='bbox 783 1800 823 1858; x_wconf 82' lang='grc' dir='ltr'>ἔτι</span> <span class='ocrx_word' id='word_1_147' title='bbox 857 1799 971 1859; x_wconf 84' lang='grc' dir='ltr'>δέεσθαι</span> 
     </span>
     <span class='ocr_line' id='line_1_21' title="bbox 166 1885 970 1963; baseline 0.001 -17"><span class='ocrx_word' id='word_1_148' title='bbox 166 1885 287 1946; x_wconf 75' lang='grc' dir='ltr'>οὐδέν·</span> <span class='ocrx_word' id='word_1_149' title='bbox 271 1912 317 1946; x_wconf 90' lang='grc' dir='ltr'>οτε</span> <span class='ocrx_word' id='word_1_150' title='bbox 331 1886 360 1945; x_wconf 81' lang='grc' dir='ltr'>δὲ</span> <span class='ocrx_word' id='word_1_151' title='bbox 374 1885 390 1946; x_wconf 85' lang='grc' dir='ltr'>ό</span> <span class='ocrx_word' id='word_1_152' title='bbox 402 1885 618 1963; x_wconf 76' lang='grc' dir='ltr'>Ἀλέξανδρος</span> <span class='ocrx_word' id='word_1_153' title='bbox 600 1886 715 1945; x_wconf 90' lang='grc' dir='ltr'>απίκετο</span> <span class='ocrx_word' id='word_1_154' title='bbox 729 1891 757 1948; x_wconf 86' lang='grc' dir='ltr'>ἐς</span> <span class='ocrx_word' id='word_1_155' title='bbox 769 1885 820 1961; x_wconf 80' lang='grc' dir='ltr'>τὴν</span> <span class='ocrx_word' id='word_1_156' title='bbox 830 1887 970 1962; x_wconf 74' lang='grc' dir='ltr'>Ἀττικὴν,</span> 
     </span>
     <span class='ocr_line' id='line_1_22' title="bbox 166 1974 970 2078; baseline 0.001 -43"><span class='ocrx_word' id='word_1_157' title='bbox 166 1974 237 2036; x_wconf 80' lang='grc' dir='ltr'>οὔκω</span> <span class='ocrx_word' id='word_1_158' title='bbox 257 1974 476 2054; x_wconf 84' lang='grc' dir='ltr'>ἀπετετείχιστο·</span> <span class='ocrx_word' id='word_1_159' title='bbox 502 1975 650 2056; x_wconf 79' lang='grc' dir='ltr'>ἐργάζοντο</span> <span class='ocrx_word' id='word_1_160' title='bbox 671 1975 700 2034; x_wconf 83' lang='grc' dir='ltr'>δὲ</span> <span class='ocrx_word' id='word_1_161' title='bbox 721 1975 849 2056; x_wconf 80' lang='grc' dir='ltr'>μεγάλως</span> <span class='ocrx_word' id='word_1_162' title='bbox 870 2001 970 2078; x_wconf 78' lang='grc' dir='ltr'>κατειρ-Ι</span> 
     </span>
     <span class='ocr_line' id='line_1_23' title="bbox 165 2063 533 2170; baseline 0 -46"><span class='ocrx_word' id='word_1_163' title='bbox 165 2064 317 2142; x_wconf 88' lang='grc' dir='ltr'>ρωδηκότες</span> <span class='ocrx_word' id='word_1_164' title='bbox 329 2090 394 2126; x_wconf 86' lang='grc' dir='ltr'>τους</span> <span class='ocrx_word' id='word_1_165' title='bbox 408 2063 533 2170; x_wconf 72' lang='grc' dir='ltr'>Πέρσας</span> 
     </span>
     <span class='ocr_line' id='line_1_24' title="bbox 138 2151 969 2230; baseline -0.001 -18"><span class='ocrx_word' id='word_1_166' title='bbox 138 2154 156 2211; x_wconf 90' lang='grc'><strong>9</strong></span> <span class='ocrx_word' id='word_1_167' title='bbox 205 2154 293 2215; x_wconf 85' lang='grc' dir='ltr'>Τέλος</span> <span class='ocrx_word' id='word_1_168' title='bbox 306 2153 390 2224; x_wconf 78' lang='grc' dir='ltr'>δὲ,</span> <span class='ocrx_word' id='word_1_169' title='bbox 355 2178 405 2227; x_wconf 88' lang='grc' dir='ltr'>της</span> <span class='ocrx_word' id='word_1_170' title='bbox 417 2178 448 2211; x_wconf 93' lang='grc' dir='ltr'>τε</span> <span class='ocrx_word' id='word_1_171' title='bbox 461 2151 625 2229; x_wconf 87' lang='grc' dir='ltr'>υποκρίσιος</span> <span class='ocrx_word' id='word_1_172' title='bbox 639 2177 684 2210; x_wconf 89' lang='grc' dir='ltr'>και</span> <span class='ocrx_word' id='word_1_173' title='bbox 674 2151 848 2221; x_wconf 82' lang='grc' dir='ltr'>ἐξόδου</span> <span class='ocrx_word' id='word_1_174' title='bbox 809 2178 864 2211; x_wconf 91' lang='grc' dir='ltr'>των</span> <span class='ocrx_word' id='word_1_175' title='bbox 876 2154 969 2230; x_wconf 80' lang='grc' dir='ltr'>Σπαρ-</span> 
     </span>
     <span class='ocr_line' id='line_1_25' title="bbox 164 2238 970 2320; baseline -0.002 -20"><span class='ocrx_word' id='word_1_176' title='bbox 164 2242 278 2316; x_wconf 88' lang='grc' dir='ltr'>τιητέων</span> <span class='ocrx_word' id='word_1_177' title='bbox 298 2241 408 2320; x_wconf 81' lang='grc' dir='ltr'>ἐγένετο</span> <span class='ocrx_word' id='word_1_178' title='bbox 427 2238 530 2316; x_wconf 89' lang='grc' dir='ltr'>τρόπος</span> <span class='ocrx_word' id='word_1_179' title='bbox 550 2238 671 2298; x_wconf 86' lang='grc' dir='ltr'>τοιάσδε·</span> <span class='ocrx_word' id='word_1_180' title='bbox 692 2243 728 2318; x_wconf 79' lang='grc' dir='ltr'>τῇ</span> <span class='ocrx_word' id='word_1_181' title='bbox 748 2241 899 2319; x_wconf 84' lang='grc' dir='ltr'>προτεραίῃ</span> <span class='ocrx_word' id='word_1_182' title='bbox 918 2246 970 2316; x_wconf 79' lang='grc' dir='ltr'>τῆς</span> 
     </span>
     <span class='ocr_line' id='line_1_26' title="bbox 164 2326 969 2405; baseline 0 -18"><span class='ocrx_word' id='word_1_183' title='bbox 164 2328 286 2403; x_wconf 74' lang='grc' dir='ltr'>θστάτης</span> <span class='ocrx_word' id='word_1_184' title='bbox 307 2326 497 2390; x_wconf 85' lang='grc' dir='ltr'>καταστάσιος</span> <span class='ocrx_word' id='word_1_185' title='bbox 516 2327 679 2405; x_wconf 77' lang='grc' dir='ltr'>μελλούσης</span> <span class='ocrx_word' id='word_1_186' title='bbox 705 2329 829 2396; x_wconf 79' lang='grc' dir='ltr'>ἔσεσθαι,</span> <span class='ocrx_word' id='word_1_187' title='bbox 855 2329 969 2399; x_wconf 84' lang='grc' dir='ltr'>Χίλεος,</span> 
     </span>
     <span class='ocr_line' id='line_1_27' title="bbox 166 2413 970 2497; baseline 0.005 -23"><span class='ocrx_word' id='word_1_188' title='bbox 166 2415 235 2493; x_wconf 81' lang='grc' dir='ltr'>ἀνὴρ</span> <span class='ocrx_word' id='word_1_189' title='bbox 253 2413 398 2495; x_wconf 84' lang='grc' dir='ltr'>Τεγεήτης,</span> <span class='ocrx_word' id='word_1_190' title='bbox 418 2415 567 2491; x_wconf 89' lang='grc' dir='ltr'>δυνάμενος</span> <span class='ocrx_word' id='word_1_191' title='bbox 591 2421 620 2476; x_wconf 84' lang='grc' dir='ltr'>ἐν</span> <span class='ocrx_word' id='word_1_192' title='bbox 641 2416 828 2491; x_wconf 86' lang='grc' dir='ltr'>Λακεδαίμονι</span> <span class='ocrx_word' id='word_1_193' title='bbox 845 2417 970 2497; x_wconf 86' lang='grc' dir='ltr'>μέγιστα</span> 
     </span>
     <span class='ocr_line' id='line_1_28' title="bbox 166 2503 969 2585; baseline 0.004 -23"><span class='ocrx_word' id='word_1_194' title='bbox 166 2504 266 2574; x_wconf 84' lang='grc' dir='ltr'>ξείνων,</span> <span class='ocrx_word' id='word_1_195' title='bbox 280 2507 335 2564; x_wconf 80' lang='grc' dir='ltr'>τῶν</span> <span class='ocrx_word' id='word_1_196' title='bbox 352 2503 460 2579; x_wconf 88' lang='grc' dir='ltr'>ἐφόρων</span> <span class='ocrx_word' id='word_1_197' title='bbox 478 2504 594 2563; x_wconf 84' lang='grc' dir='ltr'>ἐπύθετο</span> <span class='ocrx_word' id='word_1_198' title='bbox 614 2503 706 2564; x_wconf 88' lang='grc' dir='ltr'>πάντα</span> <span class='ocrx_word' id='word_1_199' title='bbox 724 2505 812 2585; x_wconf 87' lang='grc' dir='ltr'>λόγον</span> <span class='ocrx_word' id='word_1_200' title='bbox 824 2505 875 2564; x_wconf 78' lang='grc' dir='ltr'>τόν</span> <span class='ocrx_word' id='word_1_201' title='bbox 893 2505 927 2580; x_wconf 83' lang='grc' dir='ltr'>δὴ</span> <span class='ocrx_word' id='word_1_202' title='bbox 941 2509 969 2566; x_wconf 77' lang='grc' dir='ltr'>οἱ</span> 
     </span>
     <span class='ocr_line' id='line_1_29' title="bbox 164 2591 969 2674; baseline 0 -22"><span class='ocrx_word' id='word_1_203' title='bbox 164 2591 308 2668; x_wconf 85' lang='grc' dir='ltr'>Ἀθηναιοι</span> <span class='ocrx_word' id='word_1_204' title='bbox 329 2591 474 2674; x_wconf 82' lang='grc' dir='ltr'>ἔλεγον·’</span> <span class='ocrx_word' id='word_1_205' title='bbox 456 2591 580 2654; x_wconf 78' lang='grc' dir='ltr'>ακούσας</span> <span class='ocrx_word' id='word_1_206' title='bbox 600 2593 630 2652; x_wconf 90' lang='grc' dir='ltr'>δε</span> <span class='ocrx_word' id='word_1_207' title='bbox 650 2591 667 2653; x_wconf 84' lang='grc' dir='ltr'>ό</span> <span class='ocrx_word' id='word_1_208' title='bbox 687 2593 794 2657; x_wconf 87' lang='grc' dir='ltr'>Χίλεος</span> <span class='ocrx_word' id='word_1_209' title='bbox 814 2594 893 2674; x_wconf 82' lang='grc' dir='ltr'>ἔλεγε</span> <span class='ocrx_word' id='word_1_210' title='bbox 913 2592 969 2670; x_wconf 82' lang='grc' dir='ltr'>ἀρα</span> 
     </span>
     <span class='ocr_line' id='line_1_30' title="bbox 165 2679 970 2759; baseline 0.001 -18"><span class='ocrx_word' id='word_1_211' title='bbox 165 2688 222 2758; x_wconf 89' lang='grc' dir='ltr'>σφι</span> <span class='ocrx_word' id='word_1_212' title='bbox 242 2679 317 2741; x_wconf 90' lang='grc' dir='ltr'>τάδε·</span> <span class='ocrx_word' id='word_1_213' title='bbox 349 2679 484 2740; x_wconf 51' lang='lat' dir='ltr'>“offra’&#39;</span> <span class='ocrx_word' id='word_1_214' title='bbox 470 2706 535 2759; x_wconf 91' lang='grc' dir='ltr'>εχει,</span> <span class='ocrx_word' id='word_1_215' title='bbox 559 2680 655 2758; x_wconf 77' lang='grc' dir='ltr'>ἄνδρες</span> <span class='ocrx_word' id='word_1_216' title='bbox 677 2683 784 2757; x_wconf 81' lang='grc' dir='ltr'>ἔφοροι·</span> <span class='ocrx_word' id='word_1_217' title='bbox 815 2680 970 2756; x_wconf 85' lang='grc' dir='ltr'>Ἀθηναίων</span> 
     </span>
     <span class='ocr_line' id='line_1_31' title="bbox 103 2767 968 2848; baseline 0.001 -20"><span class='ocrx_word' id='word_1_218' title='bbox 103 2806 106 2811; x_wconf 97' lang='grc'>-</span> <span class='ocrx_word' id='word_1_219' title='bbox 165 2769 234 2846; x_wconf 82' lang='grc' dir='ltr'>ἡμῖν</span> <span class='ocrx_word' id='word_1_220' title='bbox 247 2769 346 2830; x_wconf 85' lang='grc' dir='ltr'>ἐόντων</span> <span class='ocrx_word' id='word_1_221' title='bbox 358 2795 399 2846; x_wconf 92' lang='grc' dir='ltr'>μη</span> <span class='ocrx_word' id='word_1_222' title='bbox 390 2767 536 2845; x_wconf 83' lang='grc' dir='ltr'>ἀρθμίων</span> <span class='ocrx_word' id='word_1_223' title='bbox 548 2795 588 2848; x_wconf 80' lang='grc' dir='ltr'>τῳ</span> <span class='ocrx_word' id='word_1_224' title='bbox 573 2769 630 2828; x_wconf 83' lang='grc' dir='ltr'>δέ</span> <span class='ocrx_word' id='word_1_225' title='bbox 647 2769 787 2848; x_wconf 79' lang='grc' dir='ltr'>βαρβάρῳ</span> <span class='ocrx_word' id='word_1_226' title='bbox 801 2768 968 2847; x_wconf 88' lang='grc' dir='ltr'>συμμάχων,</span> 
     </span>
     <span class='ocr_line' id='line_1_32' title="bbox 166 2856 968 2936; baseline 0 -20"><span class='ocrx_word' id='word_1_227' title='bbox 166 2859 265 2934; x_wconf 89' lang='grc' dir='ltr'>καίπερ</span> <span class='ocrx_word' id='word_1_228' title='bbox 277 2859 384 2936; x_wconf 89' lang='grc' dir='ltr'>τείχεος</span> <span class='ocrx_word' id='word_1_229' title='bbox 394 2857 440 2916; x_wconf 84' lang='grc' dir='ltr'>διά</span> <span class='ocrx_word' id='word_1_230' title='bbox 449 2862 500 2918; x_wconf 78' lang='grc' dir='ltr'>τοῦ</span> <span class='ocrx_word' id='word_1_231' title='bbox 508 2856 627 2933; x_wconf 83' lang='grc' dir='ltr'>Ἰσθμοῦ</span> <span class='ocrx_word' id='word_1_232' title='bbox 639 2858 814 2933; x_wconf 84' lang='grc' dir='ltr'>ἐληλαμένου</span> <span class='ocrx_word' id='word_1_233' title='bbox 825 2863 968 2934; x_wconf 82' lang='grc' dir='ltr'>καρτεροῦ,</span> 
     </span>
     <span class='ocr_line' id='line_1_33' title="bbox 165 2945 969 3025; baseline 0.001 -22"><span class='ocrx_word' id='word_1_234' title='bbox 165 2946 287 3025; x_wconf 90' lang='grc' dir='ltr'>μεγάλαι</span> <span class='ocrx_word' id='word_1_235' title='bbox 300 2945 443 3008; x_wconf 88' lang='grc' dir='ltr'>κλισιάδες</span> <span class='ocrx_word' id='word_1_236' title='bbox 461 2945 666 3005; x_wconf 79' lang='grc' dir='ltr'>ἀναπεπτέαται</span> <span class='ocrx_word' id='word_1_237' title='bbox 682 2951 709 3008; x_wconf 90' lang='grc' dir='ltr'>ἐς</span> <span class='ocrx_word' id='word_1_238' title='bbox 721 2945 773 3020; x_wconf 80' lang='grc' dir='ltr'>τὴν</span> <span class='ocrx_word' id='word_1_239' title='bbox 788 2945 969 3022; x_wconf 89' lang='grc' dir='ltr'>Πελοπόννη-</span> 
     </span>
     <span class='ocr_line' id='line_1_34' title="bbox 166 3031 971 3111; baseline 0.005 -21"><span class='ocrx_word' id='word_1_240' title='bbox 166 3057 218 3091; x_wconf 92' lang='grc' dir='ltr'>σον</span> <span class='ocrx_word' id='word_1_241' title='bbox 243 3037 282 3110; x_wconf 77' lang='grc' dir='ltr'>τῷ</span> <span class='ocrx_word' id='word_1_242' title='bbox 303 3033 413 3111; x_wconf 81' lang='grc' dir='ltr'>Πέρση.</span> <span class='ocrx_word' id='word_1_243' title='bbox 454 3031 519 3090; x_wconf 87' lang='grc' dir='ltr'>ἀλλ’</span> <span class='ocrx_word' id='word_1_244' title='bbox 543 3031 725 3102; x_wconf 81' lang='grc' dir='ltr'>ἐσακούσατε,</span> <span class='ocrx_word' id='word_1_245' title='bbox 749 3035 815 3109; x_wconf 89' lang='grc' dir='ltr'>πρίν</span> <span class='ocrx_word' id='word_1_246' title='bbox 841 3059 869 3093; x_wconf 89' lang='grc' dir='ltr'>τι</span> <span class='ocrx_word' id='word_1_247' title='bbox 892 3031 971 3094; x_wconf 70' lang='grc' dir='ltr'>ἄλλο</span> 
     </span>
     <span class='ocr_line' id='line_1_35' title="bbox 121 3117 970 3199; baseline 0.006 -22"><span class='ocrx_word' id='word_1_248' title='bbox 121 3117 340 3193; x_wconf 84' lang='grc' dir='ltr'>1οἈθηναίοισι</span> <span class='ocrx_word' id='word_1_249' title='bbox 356 3121 435 3188; x_wconf 79' lang='grc' dir='ltr'>δόξαι</span> <span class='ocrx_word' id='word_1_250' title='bbox 455 3121 580 3196; x_wconf 85' lang='grc' dir='ltr'>σφάλμα</span> <span class='ocrx_word' id='word_1_251' title='bbox 598 3121 686 3197; x_wconf 90' lang='grc' dir='ltr'>φέρον</span> <span class='ocrx_word' id='word_1_252' title='bbox 699 3125 735 3199; x_wconf 80' lang='grc' dir='ltr'>τῇ</span> <span class='ocrx_word' id='word_1_253' title='bbox 747 3120 893 3181; x_wconf 79' lang='grc' dir='ltr'>Ἑλλάδι.”</span> <span class='ocrx_word' id='word_1_254' title='bbox 932 3122 970 3182; x_wconf 77' lang='lat' dir='ltr'>‘O</span> 
     </span>
     <span class='ocr_line' id='line_1_36' title="bbox 165 3205 971 3286; baseline 0.011 -24"><span class='ocrx_word' id='word_1_255' title='bbox 165 3205 216 3278; x_wconf 87' lang='grc' dir='ltr'>μέν</span> <span class='ocrx_word' id='word_1_256' title='bbox 233 3212 289 3278; x_wconf 89' lang='grc' dir='ltr'>σφι</span> <span class='ocrx_word' id='word_1_257' title='bbox 307 3210 395 3264; x_wconf 79' lang='grc' dir='ltr'>ταῦτα</span> <span class='ocrx_word' id='word_1_258' title='bbox 414 3206 610 3280; x_wconf 84' lang='grc' dir='ltr'>συνεβούλευε·</span> <span class='ocrx_word' id='word_1_259' title='bbox 635 3210 662 3266; x_wconf 84' lang='grc' dir='ltr'>οἶ</span> <span class='ocrx_word' id='word_1_260' title='bbox 681 3208 710 3266; x_wconf 84' lang='grc' dir='ltr'>δὲ</span> <span class='ocrx_word' id='word_1_261' title='bbox 730 3210 811 3285; x_wconf 83' lang='grc' dir='ltr'>φρενὶ</span> <span class='ocrx_word' id='word_1_262' title='bbox 829 3208 971 3286; x_wconf 85' lang='grc' dir='ltr'>λαβόντες</span> 
     </span>
     <span class='ocr_line' id='line_1_37' title="bbox 164 3289 971 3378; baseline 0.016 -32"><span class='ocrx_word' id='word_1_263' title='bbox 164 3289 215 3347; x_wconf 77' lang='grc' dir='ltr'>τόν</span> <span class='ocrx_word' id='word_1_264' title='bbox 226 3290 321 3369; x_wconf 87' lang='grc' dir='ltr'>λόγον,</span> <span class='ocrx_word' id='word_1_265' title='bbox 336 3291 443 3362; x_wconf 73' lang='grc' dir='ltr'>αὐτίκα,</span> <span class='ocrx_word' id='word_1_266' title='bbox 457 3292 617 3369; x_wconf 85' lang='grc' dir='ltr'>φράσαντες</span> <span class='ocrx_word' id='word_1_267' title='bbox 630 3294 709 3354; x_wconf 75' lang='grc' dir='ltr'>οόδὲν</span> <span class='ocrx_word' id='word_1_268' title='bbox 724 3300 803 3356; x_wconf 83' lang='grc' dir='ltr'>τοῖσι</span> <span class='ocrx_word' id='word_1_269' title='bbox 818 3296 971 3378; x_wconf 87' lang='grc' dir='ltr'>ἀγγέλοισι</span> 
     </span>
    </p>
   </div>
   <div class='ocr_carea' id='block_1_3' title="bbox 0 0 1130 3552">
    <p class='ocr_par' dir='ltr' id='par_1_3' title="bbox 0 0 1130 3552">
     <span class='ocr_line' id='line_1_38' title="bbox 0 0 1130 3552; baseline 0 1"><span class='ocrx_word' id='word_1_270' title='bbox 0 0 1130 3552; x_wconf 95' lang='lat' dir='ltr'> </span> 
     </span>
    </p>
   </div>
  </div>
 </body>
</html>
