<?xml version="1.0" encoding="UTF-8"?>
<!DOCTYPE html PUBLIC "-//W3C//DTD XHTML 1.0 Transitional//EN"
    "http://www.w3.org/TR/xhtml1/DTD/xhtml1-transitional.dtd">
<html xmlns="http://www.w3.org/1999/xhtml" xml:lang="en" lang="en">
 <head>
  <title>
</title>
<meta http-equiv="Content-Type" content="text/html;charset=utf-8" />
  <meta name='ocr-system' content='tesseract 3.04.00' />
  <meta name='ocr-capabilities' content='ocr_page ocr_carea ocr_par ocr_line ocrx_word'/>
</head>
<body>
  <div class='ocr_page' id='page_1' title='image "./herodotusrecens00blakgoog_0281.png"; bbox 0 0 2282 3550; ppageno 0'>
   <div class='ocr_carea' id='block_1_1' title="bbox 180 131 1029 3370">
    <p class='ocr_par' dir='ltr' id='par_1_1' title="bbox 180 131 1028 2580">
     <span class='ocr_line' id='line_1_1' title="bbox 184 131 981 196; baseline 0.003 -16"><span class='ocrx_word' id='word_1_1' title='bbox 184 131 321 196; x_wconf 69' lang='grc' dir='ltr'>ιιι-ιιι]</span> <span class='ocrx_word' id='word_1_2' title='bbox 501 134 659 182; x_wconf 62' lang='lat' dir='ltr'>omum</span> <span class='ocrx_word' id='word_1_3' title='bbox 934 133 981 184; x_wconf 76' lang='grc' dir='ltr'>ττι</span> 
     </span>
     <span class='ocr_line' id='line_1_2' title="bbox 180 209 983 290; baseline 0.007 -24"><span class='ocrx_word' id='word_1_4' title='bbox 180 209 271 286; x_wconf 84' lang='grc' dir='ltr'>κλέος,</span> <span class='ocrx_word' id='word_1_5' title='bbox 298 214 349 271; x_wconf 78' lang='grc' dir='ltr'>τοῦ</span> <span class='ocrx_word' id='word_1_6' title='bbox 372 211 586 288; x_wconf 76' lang='grc' dir='ltr'>Ἀριστοδήμου,</span> <span class='ocrx_word' id='word_1_7' title='bbox 610 215 660 272; x_wconf 82' lang='grc' dir='ltr'>τοῦ</span> <span class='ocrx_word' id='word_1_8' title='bbox 686 212 905 290; x_wconf 82' lang='grc' dir='ltr'>Ἀριστομάχου,</span> <span class='ocrx_word' id='word_1_9' title='bbox 932 214 983 272; x_wconf 79' lang='grc' dir='ltr'>τοῦ</span> 
     </span>
     <span class='ocr_line' id='line_1_3' title="bbox 181 298 983 377; baseline 0.006 -19"><span class='ocrx_word' id='word_1_10' title='bbox 181 299 348 370; x_wconf 77' lang='grc' dir='ltr'>Κλεοδαίου,</span> <span class='ocrx_word' id='word_1_11' title='bbox 374 303 425 359; x_wconf 80' lang='grc' dir='ltr'>τοῦ</span> <span class='ocrx_word' id='word_1_12' title='bbox 445 299 564 372; x_wconf 78' lang='grc' dir='ltr'>Ὕλλου,</span> <span class='ocrx_word' id='word_1_13' title='bbox 592 303 642 360; x_wconf 80' lang='grc' dir='ltr'>τοῦ</span> <span class='ocrx_word' id='word_1_14' title='bbox 662 299 826 377; x_wconf 76' lang='grc' dir='ltr'>Ἡρακλέος·</span> <span class='ocrx_word' id='word_1_15' title='bbox 862 298 914 359; x_wconf 77' lang='grc' dir='ltr'>ἐάν</span> <span class='ocrx_word' id='word_1_16' title='bbox 932 301 983 375; x_wconf 76' lang='grc' dir='ltr'>τῆς</span> 
     </span>
     <span class='ocr_line' id='line_1_4' title="bbox 181 385 983 466; baseline 0.002 -19"><span class='ocrx_word' id='word_1_17' title='bbox 181 388 275 466; x_wconf 78' lang='grc' dir='ltr'>ἑτέρης</span> <span class='ocrx_word' id='word_1_18' title='bbox 294 389 381 464; x_wconf 81' lang='grc' dir='ltr'>οἰκίης</span> <span class='ocrx_word' id='word_1_19' title='bbox 399 391 456 448; x_wconf 79' lang='grc' dir='ltr'>τιδν</span> <span class='ocrx_word' id='word_1_20' title='bbox 478 388 633 463; x_wconf 89' lang='grc' dir='ltr'>βασιλέων.</span> <span class='ocrx_word' id='word_1_21' title='bbox 675 385 752 448; x_wconf 80' lang='grc' dir='ltr'>οὗτοι</span> <span class='ocrx_word' id='word_1_22' title='bbox 777 387 884 458; x_wconf 89' lang='grc' dir='ltr'>πάντες,</span> <span class='ocrx_word' id='word_1_23' title='bbox 905 387 983 463; x_wconf 78' lang='grc' dir='ltr'>πλὴν</span> 
     </span>
     <span class='ocr_line' id='line_1_5' title="bbox 180 475 981 556; baseline 0.002 -22"><span class='ocrx_word' id='word_1_24' title='bbox 180 480 234 536; x_wconf 76' lang='grc' dir='ltr'>τῶν</span> <span class='ocrx_word' id='word_1_25' title='bbox 248 477 319 536; x_wconf 85' lang='grc' dir='ltr'>δυῶν</span> <span class='ocrx_word' id='word_1_26' title='bbox 330 480 386 536; x_wconf 83' lang='grc' dir='ltr'>τῶν</span> <span class='ocrx_word' id='word_1_27' title='bbox 397 475 468 554; x_wconf 82' lang='grc' dir='ltr'>μετά</span> <span class='ocrx_word' id='word_1_28' title='bbox 481 476 652 556; x_wconf 82' lang='grc' dir='ltr'>Λευτυχίδεα</span> <span class='ocrx_word' id='word_1_29' title='bbox 669 475 784 554; x_wconf 83' lang='grc' dir='ltr'>πράτων</span> <span class='ocrx_word' id='word_1_30' title='bbox 798 476 981 555; x_wconf 86' lang='grc' dir='ltr'>καταλεχθέν-</span> 
     </span>
     <span class='ocr_line' id='line_1_6' title="bbox 180 562 981 645; baseline -0.001 -21"><span class='ocrx_word' id='word_1_31' title='bbox 180 590 242 635; x_wconf 86' lang='grc' dir='ltr'>των,</span> <span class='ocrx_word' id='word_1_32' title='bbox 257 567 284 624; x_wconf 86' lang='grc' dir='ltr'>οί</span> <span class='ocrx_word' id='word_1_33' title='bbox 297 563 391 638; x_wconf 79' lang='grc' dir='ltr'>ἄλλοι,</span> <span class='ocrx_word' id='word_1_34' title='bbox 402 563 540 641; x_wconf 77' lang='grc' dir='ltr'>βασιλέες</span> <span class='ocrx_word' id='word_1_35' title='bbox 553 565 679 645; x_wconf 87' lang='grc' dir='ltr'>ἐγένοντο</span> <span class='ocrx_word' id='word_1_36' title='bbox 694 563 832 642; x_wconf 76' lang='grc' dir='ltr'>Σπάρτης·</span> <span class='ocrx_word' id='word_1_37' title='bbox 853 562 981 640; x_wconf 83' lang='grc' dir='ltr'>Ἀθηναί-</span> 
     </span>
     <span class='ocr_line' id='line_1_7' title="bbox 181 651 1028 733; baseline 0.001 -22"><span class='ocrx_word' id='word_1_38' title='bbox 181 679 217 712; x_wconf 89' lang='grc' dir='ltr'>ων</span> <span class='ocrx_word' id='word_1_39' title='bbox 226 653 256 712; x_wconf 84' lang='grc' dir='ltr'>δέ</span> <span class='ocrx_word' id='word_1_40' title='bbox 269 652 439 733; x_wconf 88' lang='grc' dir='ltr'>ἐστρατήγεε</span> <span class='ocrx_word' id='word_1_41' title='bbox 449 651 611 716; x_wconf 81' lang='grc' dir='ltr'>Ξάνθιππος</span> <span class='ocrx_word' id='word_1_42' title='bbox 625 651 641 713; x_wconf 84' lang='grc' dir='ltr'>ά</span> <span class='ocrx_word' id='word_1_43' title='bbox 653 651 830 731; x_wconf 75' lang='grc' dir='ltr'>Ἀρίφρονος.</span> <span class='ocrx_word' id='word_1_44' title='bbox 870 652 919 716; x_wconf 87' lang='grc' dir='ltr'>Ὡς</span> <span class='ocrx_word' id='word_1_45' title='bbox 932 653 961 712; x_wconf 81' lang='grc' dir='ltr'>δέ</span> <span class='ocrx_word' id='word_1_46' title='bbox 972 655 1028 712; x_wconf 74' lang='grc'>132</span> 
     </span>
     <span class='ocr_line' id='line_1_8' title="bbox 181 740 981 822; baseline 0.004 -25"><span class='ocrx_word' id='word_1_47' title='bbox 181 741 365 820; x_wconf 84' lang='grc' dir='ltr'>παρεγένοντο</span> <span class='ocrx_word' id='word_1_48' title='bbox 379 746 406 804; x_wconf 90' lang='grc' dir='ltr'>ἐς</span> <span class='ocrx_word' id='word_1_49' title='bbox 418 740 470 816; x_wconf 79' lang='grc' dir='ltr'>τήν</span> <span class='ocrx_word' id='word_1_50' title='bbox 483 742 599 822; x_wconf 83' lang='grc' dir='ltr'>Αἴγιναν</span> <span class='ocrx_word' id='word_1_51' title='bbox 615 744 708 800; x_wconf 81' lang='grc' dir='ltr'>πᾶσαι</span> <span class='ocrx_word' id='word_1_52' title='bbox 721 744 750 800; x_wconf 83' lang='grc' dir='ltr'>αἱ</span> <span class='ocrx_word' id='word_1_53' title='bbox 765 745 836 816; x_wconf 77' lang='grc' dir='ltr'>νῆες,</span> <span class='ocrx_word' id='word_1_54' title='bbox 850 740 981 800; x_wconf 90' lang='grc' dir='ltr'>άπίκοντο</span> 
     </span>
     <span class='ocr_line' id='line_1_9' title="bbox 180 826 981 910; baseline 0.001 -24"><span class='ocrx_word' id='word_1_55' title='bbox 180 826 278 888; x_wconf 80' lang='grc' dir='ltr'>Ἰάνων</span> <span class='ocrx_word' id='word_1_56' title='bbox 292 827 409 910; x_wconf 82' lang='grc' dir='ltr'>άγγελοι</span> <span class='ocrx_word' id='word_1_57' title='bbox 423 833 451 892; x_wconf 91' lang='grc' dir='ltr'>ἐς</span> <span class='ocrx_word' id='word_1_58' title='bbox 463 829 495 889; x_wconf 83' lang='grc' dir='ltr'>τά</span> <span class='ocrx_word' id='word_1_59' title='bbox 510 828 700 906; x_wconf 87' lang='grc' dir='ltr'>στρατόπεδον</span> <span class='ocrx_word' id='word_1_60' title='bbox 713 831 767 888; x_wconf 75' lang='grc' dir='ltr'>τῶν</span> <span class='ocrx_word' id='word_1_61' title='bbox 780 827 934 905; x_wconf 83' lang='grc' dir='ltr'>Ἑλλήνων·</span> <span class='ocrx_word' id='word_1_62' title='bbox 955 829 981 888; x_wconf 78' lang='grc' dir='ltr'>οἳ</span> 
     </span>
     <span class='ocr_line' id='line_1_10' title="bbox 182 915 980 998; baseline 0.005 -25"><span class='ocrx_word' id='word_1_63' title='bbox 182 916 227 974; x_wconf 82' lang='grc' dir='ltr'>καὶ</span> <span class='ocrx_word' id='word_1_64' title='bbox 247 921 275 979; x_wconf 92' lang='grc' dir='ltr'>ἐς</span> <span class='ocrx_word' id='word_1_65' title='bbox 294 916 346 991; x_wconf 78' lang='grc' dir='ltr'>τήν</span> <span class='ocrx_word' id='word_1_66' title='bbox 361 916 492 994; x_wconf 76' lang='grc' dir='ltr'>Σπάρτην</span> <span class='ocrx_word' id='word_1_67' title='bbox 505 915 593 998; x_wconf 81' lang='grc' dir='ltr'>ὀλίγῳ</span> <span class='ocrx_word' id='word_1_68' title='bbox 613 915 749 994; x_wconf 90' lang='grc' dir='ltr'>πρότερον</span> <span class='ocrx_word' id='word_1_69' title='bbox 767 917 870 976; x_wconf 75' lang='grc' dir='ltr'>τούτων</span> <span class='ocrx_word' id='word_1_70' title='bbox 886 915 980 977; x_wconf 88' lang='grc' dir='ltr'>άπικό-</span> 
     </span>
     <span class='ocr_line' id='line_1_11' title="bbox 181 1003 980 1082; baseline 0.004 -20"><span class='ocrx_word' id='word_1_71' title='bbox 181 1029 267 1076; x_wconf 89' lang='grc' dir='ltr'>μενοι,</span> <span class='ocrx_word' id='word_1_72' title='bbox 282 1004 390 1064; x_wconf 88' lang='grc' dir='ltr'>ἐδέοντο</span> <span class='ocrx_word' id='word_1_73' title='bbox 400 1005 624 1082; x_wconf 88' lang='grc' dir='ltr'>Λακεδαιμονίων</span> <span class='ocrx_word' id='word_1_74' title='bbox 635 1005 797 1081; x_wconf 77' lang='grc' dir='ltr'>ἐλευθεροῦν</span> <span class='ocrx_word' id='word_1_75' title='bbox 807 1003 858 1080; x_wconf 84' lang='grc' dir='ltr'>τήν</span> <span class='ocrx_word' id='word_1_76' title='bbox 867 1003 980 1079; x_wconf 82' lang='grc' dir='ltr'>Ἰωνίην·</span> 
     </span>
     <span class='ocr_line' id='line_1_12' title="bbox 181 1091 984 1170; baseline 0.005 -21"><span class='ocrx_word' id='word_1_77' title='bbox 181 1095 236 1150; x_wconf 84' lang='grc' dir='ltr'>τῶν</span> <span class='ocrx_word' id='word_1_78' title='bbox 249 1093 295 1150; x_wconf 82' lang='grc' dir='ltr'>καὶ</span> <span class='ocrx_word' id='word_1_79' title='bbox 312 1092 464 1170; x_wconf 89' lang='grc' dir='ltr'>Ἡρόδοτος</span> <span class='ocrx_word' id='word_1_80' title='bbox 484 1091 500 1152; x_wconf 85' lang='grc' dir='ltr'>ό</span> <span class='ocrx_word' id='word_1_81' title='bbox 519 1092 695 1168; x_wconf 79' lang='grc' dir='ltr'>Βασιληίδεω</span> <span class='ocrx_word' id='word_1_82' title='bbox 713 1091 757 1168; x_wconf 85' lang='grc' dir='ltr'>ἦν·</span> <span class='ocrx_word' id='word_1_83' title='bbox 780 1091 806 1151; x_wconf 80' lang='grc' dir='ltr'>οἳ</span> <span class='ocrx_word' id='word_1_84' title='bbox 826 1095 984 1153; x_wconf 76' lang='grc' dir='ltr'>στασιωταί</span> 
     </span>
     <span class='ocr_line' id='line_1_13' title="bbox 182 1179 982 1260; baseline 0.004 -22"><span class='ocrx_word' id='word_1_85' title='bbox 182 1185 238 1255; x_wconf 93' lang='grc' dir='ltr'>σφι</span> <span class='ocrx_word' id='word_1_86' title='bbox 263 1180 415 1260; x_wconf 88' lang='grc' dir='ltr'>γενόμενοι,</span> <span class='ocrx_word' id='word_1_87' title='bbox 438 1181 626 1257; x_wconf 81' lang='grc' dir='ltr'>ἐπεβούλευον</span> <span class='ocrx_word' id='word_1_88' title='bbox 653 1179 771 1240; x_wconf 90' lang='grc' dir='ltr'>θάνατον</span> <span class='ocrx_word' id='word_1_89' title='bbox 798 1180 918 1258; x_wconf 77' lang='grc' dir='ltr'>Στράττι</span> <span class='ocrx_word' id='word_1_90' title='bbox 943 1185 982 1260; x_wconf 78' lang='grc' dir='ltr'>τῷ</span> 
     </span>
     <span class='ocr_line' id='line_1_14' title="bbox 181 1267 982 1348; baseline 0.009 -22"><span class='ocrx_word' id='word_1_91' title='bbox 181 1267 253 1326; x_wconf 87' lang='grc' dir='ltr'>Χίου</span> <span class='ocrx_word' id='word_1_92' title='bbox 273 1267 403 1348; x_wconf 82' lang='grc' dir='ltr'>τυράννῳ,</span> <span class='ocrx_word' id='word_1_93' title='bbox 422 1268 511 1331; x_wconf 89' lang='grc' dir='ltr'>ἐόντες</span> <span class='ocrx_word' id='word_1_94' title='bbox 531 1267 622 1347; x_wconf 80' lang='grc' dir='ltr'>άρχήν</span> <span class='ocrx_word' id='word_1_95' title='bbox 643 1267 721 1328; x_wconf 83' lang='grc' dir='ltr'>ἐπτά·</span> <span class='ocrx_word' id='word_1_96' title='bbox 753 1269 982 1345; x_wconf 75' lang='grc' dir='ltr'>ἐπιβουλεύοντες</span> 
     </span>
     <span class='ocr_line' id='line_1_15' title="bbox 182 1354 981 1438; baseline 0.006 -25"><span class='ocrx_word' id='word_1_97' title='bbox 182 1354 212 1413; x_wconf 85' lang='grc' dir='ltr'>δέ</span> <span class='ocrx_word' id='word_1_98' title='bbox 225 1355 261 1419; x_wconf 69' lang='grc' dir='ltr'>οἷς</span> <span class='ocrx_word' id='word_1_99' title='bbox 274 1358 390 1434; x_wconf 85' lang='grc' dir='ltr'>φανεροὶ</span> <span class='ocrx_word' id='word_1_100' title='bbox 403 1357 538 1438; x_wconf 88' lang='grc' dir='ltr'>ἐγένοντο,</span> <span class='ocrx_word' id='word_1_101' title='bbox 549 1357 731 1426; x_wconf 79' lang='grc' dir='ltr'>ἐξενείκαντος</span> <span class='ocrx_word' id='word_1_102' title='bbox 743 1355 795 1432; x_wconf 72' lang='grc' dir='ltr'>τὴν</span> <span class='ocrx_word' id='word_1_103' title='bbox 809 1360 981 1437; x_wconf 79' lang='grc' dir='ltr'>ἐπιχείρησιν</span> 
     </span>
     <span class='ocr_line' id='line_1_16' title="bbox 183 1443 980 1524; baseline 0.014 -24"><span class='ocrx_word' id='word_1_104' title='bbox 183 1443 242 1506; x_wconf 83' lang='grc' dir='ltr'>ἐνδς</span> <span class='ocrx_word' id='word_1_105' title='bbox 257 1448 313 1504; x_wconf 77' lang='grc' dir='ltr'>τῶν</span> <span class='ocrx_word' id='word_1_106' title='bbox 329 1445 509 1524; x_wconf 81' lang='grc' dir='ltr'>μετεχόντων,</span> <span class='ocrx_word' id='word_1_107' title='bbox 525 1444 595 1504; x_wconf 79' lang='grc' dir='ltr'>οὕτω</span> <span class='ocrx_word' id='word_1_108' title='bbox 613 1444 646 1519; x_wconf 83' lang='grc' dir='ltr'>δή</span> <span class='ocrx_word' id='word_1_109' title='bbox 665 1448 692 1504; x_wconf 89' lang='grc' dir='ltr'>οί</span> <span class='ocrx_word' id='word_1_110' title='bbox 709 1446 813 1515; x_wconf 83' lang='grc' dir='ltr'>λοιποὶ,</span> <span class='ocrx_word' id='word_1_111' title='bbox 834 1446 865 1516; x_wconf 77' lang='grc' dir='ltr'>ἐξ</span> <span class='ocrx_word' id='word_1_112' title='bbox 883 1447 980 1518; x_wconf 86' lang='grc' dir='ltr'>ἐόντες,</span> 
     </span>
     <span class='ocr_line' id='line_1_17' title="bbox 183 1531 981 1611; baseline 0.009 -21"><span class='ocrx_word' id='word_1_113' title='bbox 183 1531 339 1611; x_wconf 75' lang='grc' dir='ltr'>άπεξέσχον</span> <span class='ocrx_word' id='word_1_114' title='bbox 353 1538 383 1592; x_wconf 92' lang='grc' dir='ltr'>ἐκ</span> <span class='ocrx_word' id='word_1_115' title='bbox 396 1536 446 1609; x_wconf 83' lang='grc' dir='ltr'>τῆς</span> <span class='ocrx_word' id='word_1_116' title='bbox 459 1533 539 1602; x_wconf 87' lang='grc' dir='ltr'>Χίου,</span> <span class='ocrx_word' id='word_1_117' title='bbox 554 1533 600 1591; x_wconf 86' lang='grc' dir='ltr'>καὶ</span> <span class='ocrx_word' id='word_1_118' title='bbox 614 1537 640 1594; x_wconf 89' lang='grc' dir='ltr'>ἐς</span> <span class='ocrx_word' id='word_1_119' title='bbox 660 1532 792 1610; x_wconf 78' lang='grc' dir='ltr'>Σπάρτην</span> <span class='ocrx_word' id='word_1_120' title='bbox 804 1561 835 1593; x_wconf 95' lang='grc' dir='ltr'>τε</span> <span class='ocrx_word' id='word_1_121' title='bbox 848 1533 981 1597; x_wconf 87' lang='grc' dir='ltr'>άπίκονπο</span> 
     </span>
     <span class='ocr_line' id='line_1_18' title="bbox 183 1619 981 1702; baseline 0.01 -25"><span class='ocrx_word' id='word_1_122' title='bbox 183 1621 229 1678; x_wconf 85' lang='grc' dir='ltr'>καὶ</span> <span class='ocrx_word' id='word_1_123' title='bbox 247 1619 281 1695; x_wconf 86' lang='grc' dir='ltr'>δή</span> <span class='ocrx_word' id='word_1_124' title='bbox 300 1621 345 1680; x_wconf 85' lang='grc' dir='ltr'>καὶ</span> <span class='ocrx_word' id='word_1_125' title='bbox 362 1620 426 1681; x_wconf 86' lang='grc' dir='ltr'>τότε</span> <span class='ocrx_word' id='word_1_126' title='bbox 442 1626 470 1685; x_wconf 93' lang='grc' dir='ltr'>ἐς</span> <span class='ocrx_word' id='word_1_127' title='bbox 486 1619 538 1697; x_wconf 85' lang='grc' dir='ltr'>τήν</span> <span class='ocrx_word' id='word_1_128' title='bbox 554 1621 678 1702; x_wconf 80' lang='grc' dir='ltr'>Αἴγιναν,</span> <span class='ocrx_word' id='word_1_129' title='bbox 692 1625 747 1681; x_wconf 76' lang='grc' dir='ltr'>τῶν</span> <span class='ocrx_word' id='word_1_130' title='bbox 762 1621 905 1699; x_wconf 86' lang='grc' dir='ltr'>Ἑλλήνων</span> <span class='ocrx_word' id='word_1_131' title='bbox 924 1624 981 1685; x_wconf 87' lang='grc' dir='ltr'>δεό-</span> 
     </span>
     <span class='ocr_line' id='line_1_19' title="bbox 181 1707 982 1793; baseline 0.007 -27"><span class='ocrx_word' id='word_1_132' title='bbox 181 1733 260 1783; x_wconf 91' lang='grc' dir='ltr'>μενοι</span> <span class='ocrx_word' id='word_1_133' title='bbox 284 1712 469 1770; x_wconf 78' lang='grc' dir='ltr'>καταπλῶσαι</span> <span class='ocrx_word' id='word_1_134' title='bbox 493 1715 520 1772; x_wconf 91' lang='grc' dir='ltr'>ἐς</span> <span class='ocrx_word' id='word_1_135' title='bbox 545 1709 597 1785; x_wconf 78' lang='grc' dir='ltr'>τήν</span> <span class='ocrx_word' id='word_1_136' title='bbox 619 1707 734 1785; x_wconf 86' lang='grc' dir='ltr'>Ἰωνίην·</span> <span class='ocrx_word' id='word_1_137' title='bbox 770 1710 796 1769; x_wconf 77' lang='grc' dir='ltr'>οἳ</span> <span class='ocrx_word' id='word_1_138' title='bbox 819 1711 982 1793; x_wconf 79' lang='grc' dir='ltr'>προήγαγον</span> 
     </span>
     <span class='ocr_line' id='line_1_20' title="bbox 182 1793 982 1878; baseline 0.008 -24"><span class='ocrx_word' id='word_1_139' title='bbox 182 1793 281 1858; x_wconf 72' lang='grc' dir='ltr'>αὗτοιλς</span> <span class='ocrx_word' id='word_1_140' title='bbox 293 1797 375 1878; x_wconf 83' lang='grc' dir='ltr'>μόγις</span> <span class='ocrx_word' id='word_1_141' title='bbox 391 1799 475 1877; x_wconf 83' lang='grc' dir='ltr'>μέχρι</span> <span class='ocrx_word' id='word_1_142' title='bbox 489 1797 596 1874; x_wconf 82' lang='grc' dir='ltr'>Δήλου·</span> <span class='ocrx_word' id='word_1_143' title='bbox 617 1796 650 1857; x_wconf 77' lang='grc' dir='ltr'>τό</span> <span class='ocrx_word' id='word_1_144' title='bbox 667 1798 722 1878; x_wconf 82' lang='grc' dir='ltr'>γάρ</span> <span class='ocrx_word' id='word_1_145' title='bbox 743 1799 910 1875; x_wconf 87' lang='grc' dir='ltr'>προσωτέρω</span> <span class='ocrx_word' id='word_1_146' title='bbox 926 1803 982 1860; x_wconf 76' lang='grc' dir='ltr'>πᾶν</span> 
     </span>
     <span class='ocr_line' id='line_1_21' title="bbox 183 1881 982 1964; baseline 0.006 -22"><span class='ocrx_word' id='word_1_147' title='bbox 183 1881 271 1943; x_wconf 80' lang='grc' dir='ltr'>δεινόν</span> <span class='ocrx_word' id='word_1_148' title='bbox 291 1883 326 1961; x_wconf 83' lang='grc' dir='ltr'>ἦν</span> <span class='ocrx_word' id='word_1_149' title='bbox 352 1889 428 1946; x_wconf 83' lang='grc' dir='ltr'>τοῖσι</span> <span class='ocrx_word' id='word_1_150' title='bbox 449 1885 585 1962; x_wconf 83' lang='grc' dir='ltr'>Ἕλλησι,</span> <span class='ocrx_word' id='word_1_151' title='bbox 612 1884 674 1946; x_wconf 77' lang='grc' dir='ltr'>οὔτε</span> <span class='ocrx_word' id='word_1_152' title='bbox 700 1889 755 1945; x_wconf 82' lang='grc' dir='ltr'>τῶν</span> <span class='ocrx_word' id='word_1_153' title='bbox 781 1885 877 1964; x_wconf 78' lang='grc' dir='ltr'>χοίρων</span> <span class='ocrx_word' id='word_1_154' title='bbox 903 1891 982 1947; x_wconf 81' lang='grc' dir='ltr'>ἐοῦσι</span> 
     </span>
     <span class='ocr_line' id='line_1_22' title="bbox 184 1972 981 2051; baseline 0.008 -22"><span class='ocrx_word' id='word_1_155' title='bbox 184 1972 348 2049; x_wconf 88' lang='grc' dir='ltr'>ἐμπείροισι,</span> <span class='ocrx_word' id='word_1_156' title='bbox 374 1978 508 2051; x_wconf 81' lang='grc' dir='ltr'>στρατιῆς</span> <span class='ocrx_word' id='word_1_157' title='bbox 530 2000 561 2034; x_wconf 92' lang='grc' dir='ltr'>τε</span> <span class='ocrx_word' id='word_1_158' title='bbox 581 1973 672 2034; x_wconf 89' lang='grc' dir='ltr'>πάντα</span> <span class='ocrx_word' id='word_1_159' title='bbox 693 1975 768 2032; x_wconf 85' lang='grc' dir='ltr'>πλέα</span> <span class='ocrx_word' id='word_1_160' title='bbox 791 1972 881 2033; x_wconf 89' lang='grc' dir='ltr'>ἐδόκεε</span> <span class='ocrx_word' id='word_1_161' title='bbox 904 1975 981 2035; x_wconf 77' lang='grc' dir='ltr'>εἶναι·</span> 
     </span>
     <span class='ocr_line' id='line_1_23' title="bbox 183 2058 982 2141; baseline 0.008 -23"><span class='ocrx_word' id='word_1_162' title='bbox 183 2058 235 2134; x_wconf 83' lang='grc' dir='ltr'>τήν</span> <span class='ocrx_word' id='word_1_163' title='bbox 247 2060 276 2119; x_wconf 86' lang='grc' dir='ltr'>δὲ</span> <span class='ocrx_word' id='word_1_164' title='bbox 291 2060 387 2138; x_wconf 83' lang='grc' dir='ltr'>Σάμον</span> <span class='ocrx_word' id='word_1_165' title='bbox 400 2063 549 2123; x_wconf 79' lang='grc' dir='ltr'>ἐπιστέατο</span> <span class='ocrx_word' id='word_1_166' title='bbox 565 2062 632 2141; x_wconf 77' lang='grc' dir='ltr'>δόξῃ</span> <span class='ocrx_word' id='word_1_167' title='bbox 646 2064 692 2121; x_wconf 87' lang='grc' dir='ltr'>καὶ</span> <span class='ocrx_word' id='word_1_168' title='bbox 704 2062 861 2138; x_wconf 87' lang='grc' dir='ltr'>Ἡρακλέας</span> <span class='ocrx_word' id='word_1_169' title='bbox 873 2063 982 2140; x_wconf 79' lang='grc' dir='ltr'>στήλας</span> 
     </span>
     <span class='ocr_line' id='line_1_24' title="bbox 185 2147 983 2229; baseline 0.009 -23"><span class='ocrx_word' id='word_1_170' title='bbox 185 2147 248 2208; x_wconf 81' lang='grc' dir='ltr'>ἴσον</span> <span class='ocrx_word' id='word_1_171' title='bbox 267 2149 391 2228; x_wconf 78' lang='grc' dir='ltr'>ἀπέχειν·</span> <span class='ocrx_word' id='word_1_172' title='bbox 412 2151 564 2211; x_wconf 85' lang='grc' dir='ltr'>συνέπιπτε</span> <span class='ocrx_word' id='word_1_173' title='bbox 581 2151 611 2210; x_wconf 80' lang='grc' dir='ltr'>δὲ</span> <span class='ocrx_word' id='word_1_174' title='bbox 628 2155 747 2219; x_wconf 84' lang='grc' dir='ltr'>τοιοῦτο,</span> <span class='ocrx_word' id='word_1_175' title='bbox 762 2148 834 2209; x_wconf 80' lang='grc' dir='ltr'>ὥστε</span> <span class='ocrx_word' id='word_1_176' title='bbox 850 2150 914 2216; x_wconf 71' lang='grc' dir='ltr'>τούς</span> <span class='ocrx_word' id='word_1_177' title='bbox 930 2155 983 2229; x_wconf 87' lang='grc' dir='ltr'>μέν</span> 
     </span>
     <span class='ocr_line' id='line_1_25' title="bbox 183 2235 982 2319; baseline 0.011 -27"><span class='ocrx_word' id='word_1_178' title='bbox 183 2235 349 2314; x_wconf 84' lang='grc' dir='ltr'>βαρβάρους</span> <span class='ocrx_word' id='word_1_179' title='bbox 373 2238 406 2299; x_wconf 82' lang='grc' dir='ltr'>τά</span> <span class='ocrx_word' id='word_1_180' title='bbox 432 2239 503 2317; x_wconf 79' lang='grc' dir='ltr'>πρός</span> <span class='ocrx_word' id='word_1_181' title='bbox 527 2239 646 2317; x_wconf 77' lang='grc' dir='ltr'>ἑσπέρης</span> <span class='ocrx_word' id='word_1_182' title='bbox 672 2237 797 2316; x_wconf 85' lang='grc' dir='ltr'>άνωτέρω</span> <span class='ocrx_word' id='word_1_183' title='bbox 825 2239 921 2318; x_wconf 76' lang='grc' dir='ltr'>Σάμου</span> <span class='ocrx_word' id='word_1_184' title='bbox 941 2241 982 2319; x_wconf 83' lang='grc' dir='ltr'>μή</span> 
     </span>
     <span class='ocr_line' id='line_1_26' title="bbox 184 2327 982 2406; baseline 0.01 -24"><span class='ocrx_word' id='word_1_185' title='bbox 184 2328 293 2401; x_wconf 89' lang='grc' dir='ltr'>τολμιῖν</span> <span class='ocrx_word' id='word_1_186' title='bbox 311 2331 504 2397; x_wconf 80' lang='grc' dir='ltr'>καταπλῶσαι,</span> <span class='ocrx_word' id='word_1_187' title='bbox 523 2327 775 2406; x_wconf 89' lang='grc' dir='ltr'>καταρρωδηκότας·</span> <span class='ocrx_word' id='word_1_188' title='bbox 796 2328 860 2392; x_wconf 77' lang='grc' dir='ltr'>τούς</span> <span class='ocrx_word' id='word_1_189' title='bbox 875 2329 905 2389; x_wconf 84' lang='grc' dir='ltr'>δέ</span> <span class='ocrx_word' id='word_1_190' title='bbox 913 2329 982 2390; x_wconf 72' lang='grc' dir='ltr'>Ἐλ-</span> 
     </span>
     <span class='ocr_line' id='line_1_27' title="bbox 184 2415 983 2496; baseline 0.006 -25"><span class='ocrx_word' id='word_1_191' title='bbox 184 2415 278 2487; x_wconf 88' lang='grc' dir='ltr'>ληνας,</span> <span class='ocrx_word' id='word_1_192' title='bbox 304 2415 472 2494; x_wconf 77' lang='grc' dir='ltr'>χρηϊζόντων</span> <span class='ocrx_word' id='word_1_193' title='bbox 499 2417 583 2486; x_wconf 86' lang='grc' dir='ltr'>Χίων,</span> <span class='ocrx_word' id='word_1_194' title='bbox 609 2415 642 2475; x_wconf 83' lang='grc' dir='ltr'>τό</span> <span class='ocrx_word' id='word_1_195' title='bbox 674 2417 744 2493; x_wconf 82' lang='grc' dir='ltr'>πρός</span> <span class='ocrx_word' id='word_1_196' title='bbox 772 2415 814 2492; x_wconf 80' lang='grc' dir='ltr'><strong><em>ήῶ</em></strong></span> <span class='ocrx_word' id='word_1_197' title='bbox 840 2419 983 2496; x_wconf 89' lang='grc' dir='ltr'>κατωτέρω</span> 
     </span>
     <span class='ocr_line' id='line_1_28' title="bbox 185 2500 886 2580; baseline 0.01 -23"><span class='ocrx_word' id='word_1_198' title='bbox 185 2500 292 2575; x_wconf 76' lang='grc' dir='ltr'>Δήλου·</span> <span class='ocrx_word' id='word_1_199' title='bbox 314 2502 385 2562; x_wconf 76' lang='grc' dir='ltr'>οὕτω</span> <span class='ocrx_word' id='word_1_200' title='bbox 397 2504 457 2567; x_wconf 86' lang='grc' dir='ltr'>δέος</span> <span class='ocrx_word' id='word_1_201' title='bbox 469 2505 502 2564; x_wconf 81' lang='grc' dir='ltr'>τά</span> <span class='ocrx_word' id='word_1_202' title='bbox 515 2505 605 2580; x_wconf 89' lang='grc' dir='ltr'>μέσον</span> <span class='ocrx_word' id='word_1_203' title='bbox 618 2504 769 2579; x_wconf 82' lang='grc' dir='ltr'>ἐφάλασσέ</span> <span class='ocrx_word' id='word_1_204' title='bbox 781 2513 886 2580; x_wconf 88' lang='grc' dir='ltr'>σφεων.</span> 
     </span>
    </p>

    <p class='ocr_par' dir='ltr' id='par_1_2' title="bbox 185 2591 1029 3370">
     <span class='ocr_line' id='line_1_29' title="bbox 226 2591 1029 2670; baseline 0.006 -22"><span class='ocrx_word' id='word_1_205' title='bbox 226 2593 263 2648; x_wconf 82' lang='grc' dir='ltr'>Οί</span> <span class='ocrx_word' id='word_1_206' title='bbox 275 2594 327 2666; x_wconf 83' lang='grc' dir='ltr'>μὲν</span> <span class='ocrx_word' id='word_1_207' title='bbox 341 2591 375 2668; x_wconf 85' lang='grc' dir='ltr'>δή</span> <span class='ocrx_word' id='word_1_208' title='bbox 383 2591 522 2669; x_wconf 84' lang='grc' dir='ltr'>Ἕλληνες</span> <span class='ocrx_word' id='word_1_209' title='bbox 535 2594 643 2652; x_wconf 84' lang='grc' dir='ltr'>ἔπλωον</span> <span class='ocrx_word' id='word_1_210' title='bbox 656 2598 683 2656; x_wconf 86' lang='grc' dir='ltr'>ἐς</span> <span class='ocrx_word' id='word_1_211' title='bbox 695 2593 747 2668; x_wconf 79' lang='grc' dir='ltr'>τήν</span> <span class='ocrx_word' id='word_1_212' title='bbox 758 2596 864 2666; x_wconf 80' lang='grc' dir='ltr'>Δῆλον·</span> <span class='ocrx_word' id='word_1_213' title='bbox 882 2595 1029 2670; x_wconf 57' lang='lat' dir='ltr'>Mem-1113</span> 
     </span>
     <span class='ocr_line' id='line_1_30' title="bbox 186 2668 984 2753; baseline 0.009 -25"><span class='ocrx_word' id='word_1_214' title='bbox 186 2668 274 2734; x_wconf 88' lang='grc' dir='ltr'>δόνιος</span> <span class='ocrx_word' id='word_1_215' title='bbox 294 2672 323 2731; x_wconf 86' lang='grc' dir='ltr'>δέ</span> <span class='ocrx_word' id='word_1_216' title='bbox 342 2675 406 2751; x_wconf 85' lang='grc' dir='ltr'>περὶ</span> <span class='ocrx_word' id='word_1_217' title='bbox 424 2674 476 2750; x_wconf 81' lang='grc' dir='ltr'>τήν</span> <span class='ocrx_word' id='word_1_218' title='bbox 496 2675 661 2750; x_wconf 85' lang='grc' dir='ltr'>Θεσσαλίην</span> <span class='ocrx_word' id='word_1_219' title='bbox 682 2673 818 2753; x_wconf 83' lang='grc' dir='ltr'>ἐχείμαζε.</span> <span class='ocrx_word' id='word_1_220' title='bbox 860 2674 984 2735; x_wconf 78' lang='grc' dir='ltr'>ἐνθεῦτεν</span> 
     </span>
     <span class='ocr_line' id='line_1_31' title="bbox 186 2756 984 2840; baseline 0.005 -22"><span class='ocrx_word' id='word_1_221' title='bbox 186 2756 215 2815; x_wconf 75' lang='grc' dir='ltr'>δέ</span> <span class='ocrx_word' id='word_1_222' title='bbox 237 2757 417 2838; x_wconf 84' lang='grc' dir='ltr'>όρμεάμενος,</span> <span class='ocrx_word' id='word_1_223' title='bbox 440 2763 544 2840; x_wconf 82' lang='grc' dir='ltr'>ἔπεμπε</span> <span class='ocrx_word' id='word_1_224' title='bbox 570 2761 640 2822; x_wconf 84' lang='grc' dir='ltr'>κατά</span> <span class='ocrx_word' id='word_1_225' title='bbox 663 2761 699 2821; x_wconf 79' lang='grc' dir='ltr'>τά</span> <span class='ocrx_word' id='word_1_226' title='bbox 718 2761 878 2839; x_wconf 86' lang='grc' dir='ltr'>χρηστήρια</span> <span class='ocrx_word' id='word_1_227' title='bbox 898 2760 984 2839; x_wconf 89' lang='grc' dir='ltr'>άνδρα</span> 
     </span>
     <span class='ocr_line' id='line_1_32' title="bbox 185 2843 984 2930; baseline 0.014 -27"><span class='ocrx_word' id='word_1_228' title='bbox 185 2843 320 2923; x_wconf 80' lang='grc' dir='ltr'>Είρωπέα</span> <span class='ocrx_word' id='word_1_229' title='bbox 343 2851 429 2930; x_wconf 84' lang='grc' dir='ltr'>γένος,</span> <span class='ocrx_word' id='word_1_230' title='bbox 450 2854 490 2930; x_wconf 78' lang='grc' dir='ltr'>τῷ</span> <span class='ocrx_word' id='word_1_231' title='bbox 511 2850 618 2928; x_wconf 81' lang='grc' dir='ltr'>οὔνομα</span> <span class='ocrx_word' id='word_1_232' title='bbox 640 2849 675 2926; x_wconf 79' lang='grc' dir='ltr'>ἦν</span> <span class='ocrx_word' id='word_1_233' title='bbox 699 2853 770 2919; x_wconf 83' lang='grc' dir='ltr'>Μῦς,</span> <span class='ocrx_word' id='word_1_234' title='bbox 795 2850 984 2925; x_wconf 86' lang='grc' dir='ltr'>ἐντειλάμενος</span> 
     </span>
     <span class='ocr_line' id='line_1_33' title="bbox 186 2937 983 3017; baseline 0.011 -26"><span class='ocrx_word' id='word_1_235' title='bbox 186 2941 315 3014; x_wconf 81' lang='grc' dir='ltr'>πανταχῆ</span> <span class='ocrx_word' id='word_1_236' title='bbox 327 2964 376 3013; x_wconf 90' lang='grc' dir='ltr'>μιν</span> <span class='ocrx_word' id='word_1_237' title='bbox 392 2939 569 3017; x_wconf 89' lang='grc' dir='ltr'>χρησόμενον</span> <span class='ocrx_word' id='word_1_238' title='bbox 590 2940 682 2999; x_wconf 85' lang='grc' dir='ltr'>ἐλθεῖν</span> <span class='ocrx_word' id='word_1_239' title='bbox 699 2941 754 2998; x_wconf 80' lang='grc' dir='ltr'>τῶν</span> <span class='ocrx_word' id='word_1_240' title='bbox 771 2938 815 2998; x_wconf 84' lang='grc' dir='ltr'>οἶά</span> <span class='ocrx_word' id='word_1_241' title='bbox 830 2963 861 2998; x_wconf 89' lang='grc' dir='ltr'>τε</span> <span class='ocrx_word' id='word_1_242' title='bbox 878 2937 912 3013; x_wconf 84' lang='grc' dir='ltr'>ἦν</span> <span class='ocrx_word' id='word_1_243' title='bbox 928 2947 983 3016; x_wconf 92' lang='grc' dir='ltr'>σφι</span> 
     </span>
     <span class='ocr_line' id='line_1_34' title="bbox 186 3018 985 3104; baseline 0.011 -25"><span class='ocrx_word' id='word_1_244' title='bbox 186 3018 442 3101; x_wconf 86' lang='grc' dir='ltr'>άποπειρήσασθαι.</span> <span class='ocrx_word' id='word_1_245' title='bbox 483 3026 499 3087; x_wconf 86' lang='grc' dir='ltr'>ὅ</span> <span class='ocrx_word' id='word_1_246' title='bbox 523 3053 550 3086; x_wconf 90' lang='grc' dir='ltr'>τι</span> <span class='ocrx_word' id='word_1_247' title='bbox 569 3031 621 3104; x_wconf 81' lang='grc' dir='ltr'>μὲν</span> <span class='ocrx_word' id='word_1_248' title='bbox 647 3026 821 3103; x_wconf 88' lang='grc' dir='ltr'>βουλόμενος</span> <span class='ocrx_word' id='word_1_249' title='bbox 842 3027 985 3102; x_wconf 88' lang='grc' dir='ltr'>ἐκμαθέειν</span> 
     </span>
     <span class='ocr_line' id='line_1_35' title="bbox 187 3111 985 3193; baseline 0.004 -24"><span class='ocrx_word' id='word_1_250' title='bbox 187 3111 255 3185; x_wconf 80' lang='grc' dir='ltr'>πρός</span> <span class='ocrx_word' id='word_1_251' title='bbox 272 3116 328 3174; x_wconf 76' lang='grc' dir='ltr'>τῶν</span> <span class='ocrx_word' id='word_1_252' title='bbox 347 3116 525 3193; x_wconf 87' lang='grc' dir='ltr'>χρηστηρίων</span> <span class='ocrx_word' id='word_1_253' title='bbox 548 3119 636 3174; x_wconf 80' lang='grc' dir='ltr'>ταῦτα</span> <span class='ocrx_word' id='word_1_254' title='bbox 660 3116 827 3183; x_wconf 87' lang='grc' dir='ltr'>ἐνετέλλετο,</span> <span class='ocrx_word' id='word_1_255' title='bbox 855 3112 904 3172; x_wconf 78' lang='grc' dir='ltr'>οὐκ</span> <span class='ocrx_word' id='word_1_256' title='bbox 932 3115 985 3192; x_wconf 84' lang='grc' dir='ltr'>ἔχω</span> 
     </span>
     <span class='ocr_line' id='line_1_36' title="bbox 187 3198 985 3282; baseline 0.001 -25"><span class='ocrx_word' id='word_1_257' title='bbox 187 3198 307 3272; x_wconf 84' lang='grc' dir='ltr'>φράσαι·</span> <span class='ocrx_word' id='word_1_258' title='bbox 328 3201 361 3261; x_wconf 78' lang='grc' dir='ltr'>οὗ</span> <span class='ocrx_word' id='word_1_259' title='bbox 381 3202 436 3282; x_wconf 82' lang='grc' dir='ltr'>γάρ</span> <span class='ocrx_word' id='word_1_260' title='bbox 459 3201 496 3262; x_wconf 82' lang='grc' dir='ltr'>ὧν</span> <span class='ocrx_word' id='word_1_261' title='bbox 517 3203 638 3280; x_wconf 90' lang='grc' dir='ltr'>λέγεται·</span> <span class='ocrx_word' id='word_1_262' title='bbox 666 3201 751 3259; x_wconf 87' lang='grc' dir='ltr'>δοκέω</span> <span class='ocrx_word' id='word_1_263' title='bbox 772 3200 794 3259; x_wconf 82' lang='grc' dir='ltr'>δ’</span> <span class='ocrx_word' id='word_1_264' title='bbox 816 3202 901 3280; x_wconf 82' lang='grc' dir='ltr'>ἔγωγε</span> <span class='ocrx_word' id='word_1_265' title='bbox 921 3202 985 3276; x_wconf 87' lang='grc' dir='ltr'>περὶ</span> 
     </span>
     <span class='ocr_line' id='line_1_37' title="bbox 186 3287 986 3370; baseline 0.003 -26"><span class='ocrx_word' id='word_1_266' title='bbox 186 3289 240 3346; x_wconf 77' lang='grc' dir='ltr'>τάν</span> <span class='ocrx_word' id='word_1_267' title='bbox 263 3290 422 3368; x_wconf 88' lang='grc' dir='ltr'>παρεόντων</span> <span class='ocrx_word' id='word_1_268' title='bbox 444 3288 623 3370; x_wconf 87' lang='grc' dir='ltr'>πρηγμάτων,</span> <span class='ocrx_word' id='word_1_269' title='bbox 652 3288 698 3346; x_wconf 86' lang='grc' dir='ltr'>καὶ</span> <span class='ocrx_word' id='word_1_270' title='bbox 724 3287 774 3347; x_wconf 75' lang='grc' dir='ltr'>οὐκ</span> <span class='ocrx_word' id='word_1_271' title='bbox 801 3287 896 3347; x_wconf 87' lang='grc' dir='ltr'>άλλων</span> <span class='ocrx_word' id='word_1_272' title='bbox 922 3289 986 3364; x_wconf 88' lang='grc' dir='ltr'>πέρι</span> 
     </span>
    </p>
   </div>
   <div class='ocr_carea' id='block_1_2' title="bbox 0 0 1153 3550">
    <p class='ocr_par' dir='ltr' id='par_1_3' title="bbox 0 0 1153 3550">
     <span class='ocr_line' id='line_1_38' title="bbox 0 0 1153 3550; baseline 0 0"><span class='ocrx_word' id='word_1_273' title='bbox 0 0 1153 3550; x_wconf 95' lang='lat' dir='ltr'> </span> 
     </span>
    </p>
   </div>
  </div>
 </body>
</html>
