2258 3568
198 155 229 201 ιο
504 152 686 200 ἀτοιουοτ
951 153 996 219 [v¹

196 231 338 308 Περσέων,
353 231 471 291 ἐνθαῦτα
486 231 533 290 ἐπὶ
545 234 583 309 τῷ
598 229 722 308 Μαρσύῃ
743 233 859 309 ποταμῷ
877 231 998 307 συνέβα-

195 320 247 380 λόν
264 345 296 380 τε
313 322 390 378 τοῖσι
407 319 542 397 Πέρσησι
562 321 589 377 οἱ
604 323 705 395 Κᾶρες,
721 318 766 376 καὶ
784 319 878 397 μάχην
900 323 999 399 ἐμαχέ-

195 433 283 468 σαντο
306 407 425 486 ἶσχυρήν
448 408 494 465 καὶ
517 407 562 466 ε’πὶ
588 405 691 485 χρόνον
714 405 834 465 πολλόν·
861 409 943 470 τέλος
970 409 1000 468 δέ

195 497 365 572 ἑσσώθησαν
383 495 427 554 διαὶ
449 496 568 572 πλῆθος.
612 495 745 571 Περσέων
768 498 820 572 μὲν
842 495 876 571 δή
898 499 1000 558 ἔπεσον

195 584 290 661 ἄνδρες
304 590 332 647 ἐς
345 585 510 663 δισχιλίους,
526 587 628 660 Καρῶν
645 583 675 641 δέ
689 589 715 645 ἐς
728 584 851 658 μυρίους’
875 585 1000 647 ἐνθεῦτεν
1026 649 1034 665 ,

195 673 225 731 δὲ
239 676 265 731 οἱ
278 672 460 752 διαφυγόντες
473 670 563 731 αὐτῶν
574 671 782 747 κατειλήθησαν
792 677 818 734 ἐς
829 672 997 748 Λάβρανδα,

195 767 222 824 ἐς
244 761 312 824 Διός
336 761 472 837 Στρατίου
498 760 564 836 ἱρόν,
586 761 660 840 με’γα
685 785 715 818 τε
737 760 782 817 καὶ
804 759 885 841 ἅγιον
908 763 999 826 α’λσος

193 852 400 910 πλατανίστων.
442 854 540 926 μοῦνοι
563 849 600 918 δὲ,
621 854 675 909 τῶν
695 848 775 925 ἡμεῖς
796 849 881 924 ἴδμεν,
906 855 999 928 Κᾶρές

194 943 249 998 είσι
263 939 289 997 οἳ
304 940 351 996 Διῒ
366 939 490 1018 Στρατίῳ
513 938 612 1000 θυσίας
632 936 778 1018 ἀνάγουσι.
822 941 997 1014 κατειληθέν-

193 1054 238 1090 τες
258 1026 295 1087 ὦν
318 1025 394 1086 οὗτοι
419 1027 537 1085 ἐνθαῦτα
556 1024 742 1099 ἐβουλείοντο
763 1026 828 1100 περὶ
850 1029 997 1103 σωτηρίης,

193 1115 317 1192 ὁκότερα,
341 1114 359 1191 ἢ
384 1113 553 1190 παραδόντες
578 1115 670 1186 σφέας
695 1113 793 1174 αὐτοῦς
819 1115 952 1192 Πέρσῃσι
979 1115 997 1192 ἢ

194 1204 354 1266 ἐκλιπόντες
377 1202 410 1262 τό
432 1201 565 1279 παράπαν
586 1201 638 1277 τήν
658 1201 767 1276 Ἀσίην,
790 1201 902 1278 ἄμεινον
927 1205 996 1280 πρή-

147 1294 203 1351 120
215 1294 305 1361 ξουσι.
327 1291 564 1367 Βουλευομένοισι
578 1291 609 1350 δέ
622 1297 678 1366 σφι
691 1295 780 1348 ταῦτα
796 1293 997 1370 παραγίνονται

191 1381 359 1456 βοηθέοντες
381 1379 526 1454 Μιλήσιοί
544 1407 574 1438 τε
600 1380 645 1438 καὶ
672 1382 698 1437 οἶ
725 1379 871 1458 σύμμαχοι
897 1378 995 1440 αὐτῶν·

194 1470 311 1527 ἐνθαῦτα
331 1467 360 1526 δέ
380 1466 416 1526 τό
436 1469 488 1543 μὲν
509 1467 644 1545 πρότερον
658 1471 685 1526 οἱ
699 1471 792 1542 Κᾶρες
810 1466 996 1542 ἐβουλεύοντο

191 1559 365 1633 μετῆκαν,οἶ
390 1555 418 1614 δέ
441 1553 517 1618 αὖτις
539 1560 673 1632 πολεμεῖν
695 1556 725 1624 ἐξ
745 1554 833 1634 ἀρχῆς
854 1556 996 1638 α’ρτέοντο·

193 1644 238 1702 καὶ
266 1645 378 1703 ἐπιοῦσί
399 1669 429 1702 τε
453 1648 530 1703 τοῖσι
553 1644 685 1723 Πέρσησι
710 1642 926 1720 συμβάλλουσι,
950 1646 997 1702 καὶ

191 1731 383 1811 μαχεσόμενοι
398 1732 443 1790 ἐπὶ
456 1736 545 1791 πλεῦν
558 1730 576 1808 ἦ
590 1733 726 1809 πρότερον
747 1731 926 1806 ἐσσάθησαν·
948 1759 995 1792 πε-

193 1822 299 1880 σόντων
317 1820 346 1878 δέ
364 1825 419 1880 τῶν
439 1818 549 1880 πάντων
570 1824 693 1890 πολλῶν,
709 1819 851 1895 Μιλήσιοι
866 1820 995 1895 μάλιστα

147 1909 388 1990 121ἐπλήγησαν.
431 1907 513 1967 Μετά
527 1909 563 1980 δέ,
578 1913 662 1968 τοῦτο
682 1907 715 1968 τό
734 1913 831 1986 τρῶμα
851 1907 996 1984 ἀνέλαβόν

192 2023 222 2056 τε
242 1999 287 2056 καὶ
309 1997 520 2076 ἀνεμαχέσαντο
539 2001 565 2056 οί
587 2001 689 2073 Κᾶρες·
711 1996 863 2072 πυθόμενοι
883 1997 937 2078 γάρ
960 1997 996 2061 ὥς

193 2087 396 2163 στρατεύεσθαι
418 2085 552 2162 ὁρμέαται
576 2088 605 2168 οἶ,
627 2087 738 2162 Πέρσαι
766 2086 812 2144 ἐπὶ
838 2084 888 2148 τάς
911 2085 996 2150 πόλις

193 2176 297 2251 σφέων,
312 2175 457 2252 ἐλόχησαν
477 2173 528 2248 τήν
549 2179 578 2234 ἐν
593 2173 718 2252 Πηδάσῳ
733 2173 806 2233 ὁδόν·
829 2178 856 2236 ἐς
875 2173 926 2249 τήν
948 2179 994 2250 ἐρι-

192 2263 326 2324 πεσόντες
343 2265 369 2320 οἱ
384 2263 496 2338 Πέρσαι
516 2261 613 2324 νυκτός
634 2262 827 2338 διεφθάρησαν
848 2262 894 2319 καὶ
915 2261 996 2320 αὐτοὶ

193 2351 239 2410 καὶ
253 2353 279 2408 οἶ
292 2350 446 2430 στρατηγοὶ
460 2349 558 2420 αὐτῶν,
574 2351 718 2426 Δαυρίσης
736 2351 780 2408 καὶ
793 2349 935 2430 Ἀμόργης
949 2352 996 2410 καὶ

193 2439 359 2515 Σισιμάκης
381 2438 433 2498 σῦν
452 2438 483 2496 δέ
500 2447 556 2514 σφι
577 2433 697 2498 α’πέθανε
717 2438 762 2495 καὶ
777 2437 895 2514 Μάρσος
914 2437 996 2496 ὁΓίι-

192 2553 255 2608 γεω.
297 2529 346 2585 τοῦ
365 2527 394 2586 δὲ
414 2527 503 2606 λόχου
521 2526 622 2586 τούτου
637 2526 749 2606 ήγεμών
761 2525 796 2601 ἦν
809 2525 997 2602 Ἡρακλείδης

191 2615 365 2692 Ἰβανοίλιος,
390 2614 459 2692 οἷνήρ
484 2613 648 2676 Μυλασειίς.
691 2611 767 2672 οὗτοι
793 2613 845 2689 μέν
869 2638 917 2672 νυν
939 2619 997 2675 τῶν

196 2705 328 2778 Περσέων
349 2704 419 2763 οὕτω
441 2703 642 2779 διεφθάρησαν.

148 2795 203 2853 122
245 2793 346 2870 ’Υμέης
361 2793 398 2862 δὲ,
414 2793 458 2850 καὶ
473 2791 555 2854 αὐτός
570 2790 621 2850 ἐάν
636 2795 691 2850 τῶν
713 2788 911 2881 ἐπιδιωξάντων
930 2790 995 2853 τούς

193 2887 220 2944 ἐς
244 2881 342 2958 Σάρδις
363 2880 621 2956 στρατευσομένους
643 2877 749 2947 Ἰάνων,
773 2876 948 2954 τραπόμενος
969 2884 996 2941 ἐς

193 2969 244 3044 τήν
258 2970 437 3046 Προποντίδα
452 2969 509 3026 εἷλε
524 2971 595 3026 Κῖον
610 2967 662 3041 τήν
676 2967 801 3040 Μυσίην.
842 2965 946 3041 ταύτην
966 2966 997 3025 δέ

195 3057 303 3126 ἐξελῶν,
319 3055 354 3120 ὥς
372 3057 487 3115 ἐπύθετο
506 3055 555 3114 τόν
568 3054 784 3128 Ἑλλήσποντον
802 3055 997 3113 ἐκλελοιπέναι

197 3145 339 3220 Δαυρίσην
355 3145 399 3202 καὶ
418 3143 621 3220 στρατεύεσθαι
643 3144 687 3200 ἐπὶ
702 3145 818 3217 Καρίης,
833 3142 997 3204 καταλιπόν

194 3231 245 3306 τήν
272 3232 452 3308 Προποντίδα
480 3231 525 3288 ἐπὶ
550 3229 600 3289 τόν
625 3229 842 3303 Ἑλλήσποντον
868 3229 921 3308 ἦγε
946 3230 998 3292 τόν

196 3319 326 3394 στρατόν·
355 3320 400 3376 καὶ
423 3319 479 3376 εἷλε
503 3320 554 3393 μὲν
578 3317 697 3398 Αἰολέας
725 3317 829 3378 πάντας
852 3315 917 3376 ὅσοι
