2250 3552
544 19 617 88 22.

165 161 214 209 :m
472 163 655 212 ἙνοΔοτοτ
900 163 963 228 [1x.

164 240 219 322 γάρ
233 245 271 319 τῷ
285 245 364 318 κοινῷ
379 243 423 299 καὶ
442 241 622 318 ἐμηδίσαμεν,
638 240 701 300 οὐδὲ
713 245 811 317 μοῦνοι
827 241 919 320 ήμέες·
940 249 966 303 εἰ

164 329 194 388 δέ
220 328 312 404 ήμέων
343 328 468 404 άληθέως
497 328 622 406 δεόμενοι
652 330 858 407 πολιορκέουσι,
885 331 966 409 ἡμεῖς

162 415 250 491 ήμέας
265 414 365 479 αὐτοῦς
384 421 410 479 ές
431 415 593 498 ἀντιλογίην
609 417 790 496 παρέξομεν.”
831 417 919 496 κάρτα
933 447 966 480 τε

165 503 239 573 ἔδοξε
250 503 279 563 εῦ
292 505 392 584 λέγειν,
408 506 454 564 καὶ
468 511 496 569 ἐς
509 506 613 582 καιρόν·
634 505 731 564 αὐτίκα
744 517 775 566 τε
788 506 966 584 ἐπεκηρυκεύ-

165 617 229 651 οντο
242 591 312 668 πρός
326 595 490 668 Παυσανίην
504 597 530 652 οἱ
543 596 675 671 Θηβαῖοι,
691 593 818 658 θέλοντες
831 593 967 656 ἐκδιδόναι

118 678 228 742 88τοῦς
255 679 363 758 ἄνδρας.
404 681 452 744 Ὡς
479 681 508 740 δὲ
536 681 726 762 (ὁμολόγησον
758 683 804 742 ἐπὶ
830 682 966 753 ποότοισι,

164 767 326 849 Ἀτταγῖνος
338 772 390 844 μὲν
404 768 575 846 ἐκδιδρήσκει
590 775 619 829 ἐκ
629 773 679 829 τοῦ
692 769 801 834 άστεος·
822 771 923 835 παῖδας
936 771 967 830 δέ

166 854 250 915 αὐτοῦ
271 856 445 934 ἀπαχθέντας
466 858 629 933 Παυσανίης
650 855 775 917 άπέλυσε
795 863 845 934 τῆς
869 860 966 936 αἰτίης,

166 943 223 1019 φάς
241 949 291 1004 τοῦ
311 945 454 1022 μηδισμοῦ
477 945 577 1008 παῖδας
604 944 683 1006 οῦδὲν
706 945 775 1006 εἶναι
800 947 966 1023 μεταιτίους·

165 1031 230 1096 τοῦς
243 1033 272 1092 δὲ
285 1031 390 1096 ἅλλους
407 1031 506 1110 ἄνδρας
525 1033 590 1096 τοῦς
607 1033 738 1103 ἐξέδοσαν
754 1037 780 1093 οἱ
793 1036 925 1111 Θηβαῖοι,
939 1038 967 1095 οἱ

165 1123 217 1196 μὲν
230 1120 338 1180 ἐδόκεον
351 1121 510 1202 ἀντιλογίης
528 1147 559 1181 τε
578 1119 716 1198 κυρήσειν,
731 1123 776 1180 καὶ
790 1121 823 1198 δή
837 1123 967 1200 χρήμασι

167 1209 352 1269 ἐπεποίθεσαν
372 1209 544 1269 διωθέεσθαι·
576 1209 592 1270 ό
613 1209 642 1269 δὲ
663 1209 698 1273 ιός
718 1211 874 1288 παρέλαβε,
896 1204 967 1272 αῦτά

166 1301 253 1356 ταῦτα
272 1297 418 1367 ῦπονοέων,
439 1297 491 1372 τήν
511 1296 646 1375 στρατιήν
665 1297 716 1374 τήν
735 1301 790 1358 τιῦν
811 1299 967 1379 συμμάχων

166 1383 281 1445 άπασαν
307 1384 405 1462 άπῆκε,
434 1387 479 1444 καὶ
507 1387 624 1449 ἐκείνους
647 1383 760 1467 άγαγιδν
780 1392 807 1450 ἐς
828 1386 967 1464 Κόρινθον

167 1471 315 1549 διέφθειρε.
356 1479 443 1534 ταῦτα
456 1475 508 1550 μὲν
520 1473 556 1533 τά
570 1479 598 1533 ἐν
612 1477 777 1553 Πλαταιῇσι
791 1475 836 1533 καὶ
850 1475 967 1555 Θήβησι

167 1559 310 1639 γενόμενα.

121 1650 158 1708 89
207 1647 382 1724 Ἀρτάβαζος
395 1648 425 1706 δὲ
438 1649 453 1709 ό
467 1649 623 1726 Φαρνάκεος
638 1649 748 1732 φεύγων
762 1656 791 1710 ἐκ
802 1653 967 1712 Πλαταιέων

169 1736 215 1795 καὶ
238 1735 272 1812 δή
300 1736 346 1795 καὶ
365 1736 464 1814 πρόσω
485 1738 599 1818 ἐγίνετο·
634 1733 802 1815 ἀπικόμενον
822 1739 853 1798 δέ
871 1767 920 1817 μιν
940 1743 967 1798 οἱ

169 1825 316 1884 Θεσσαλοὶ
338 1823 415 1901 παρά
438 1826 530 1901 σφέας
557 1827 605 1885 ε’πί
622 1852 652 1886 τε
673 1827 758 1896 ξείνια
778 1826 900 1898 ἐκάλεον,
922 1828 967 1886 καὶ

169 1911 329 1991 άνειράτευν
359 1914 424 1990 περὶ
450 1917 500 1989 τῆς
526 1918 659 1991 στρατιῆς
685 1918 735 1990 τῆς
763 1913 861 1991 άλλης,
890 1915 968 1975 οῦδὲν

169 2001 350 2079 ἐπιστάμενοι
374 2005 429 2061 τίῦν
456 2005 485 2062 ἐν
514 2006 679 2081 Πλαταιῇσι
705 2003 867 2083 γενομένων·
896 2002 912 2062 ά
939 2003 968 2062 δέ

168 2087 351 2167 Ἀρτάβαζος,
379 2090 461 2172 γνοῦς
488 2090 530 2151 ὅτι
558 2095 582 2150 εἶ
608 2091 699 2150 ἐθέλοι
719 2098 776 2166 σφι
799 2095 896 2152 πᾶσαν
917 2091 969 2168 τήν

169 2175 307 2253 α’ληθηίην
326 2181 381 2238 τῶν
401 2177 514 2259 άγοίνων
534 2183 627 2248 εἰπεῖν,
649 2178 731 2242 αῦτός
751 2205 782 2238 τε
802 2179 969 2240 κινδυνεύσει

168 2263 329 2326 α’πολέσθαι
350 2267 395 2324 καὶ
416 2267 432 2326 ὁ
451 2267 510 2344 μετ’
526 2267 612 2328 αὐτοῦ
632 2267 761 2344 στρατός·
783 2267 970 2343 ἐπιθήσεσθαι

168 2352 224 2434 γάρ
238 2357 264 2412 οἶ
278 2353 369 2413 πάντα
382 2355 442 2414 τινά
461 2355 534 2415 οἴετο
550 2355 755 2433 πυνθανόμενον
772 2355 808 2416 τά
823 2356 968 2438 γεγονότα·

169 2445 257 2500 ταῦτα
271 2441 489 2523 ἐκλογιζόμενος,
504 2443 566 2503 οὔτε
581 2445 650 2521 πρός
665 2443 730 2507 τοῦς
745 2445 856 2508 Φωκέας
875 2444 970 2536 ἐξαγό-

169 2555 231 2606 ρευε
256 2529 341 2600 οῦδὲν,
365 2531 435 2608 πρός
456 2557 487 2590 τε
509 2531 574 2595 ποῦς
597 2532 764 2596 Θεσσαλοῦς
790 2534 869 2614 ἔλεγε
894 2532 969 2592 τάδε·

170 2619 250 2700 “ε’γώ
266 2621 325 2695 μὲν,
341 2619 362 2678 ὦ
381 2618 476 2695 ἅνδρες
492 2621 646 2693 Θεσσαλοὶ,
664 2619 698 2684 ὦς
713 2619 805 2697 ὁρᾶτε,
825 2620 974 2701 ἐπείγομαί

169 2731 200 2766 τε
214 2707 284 2767 κατά
296 2707 349 2783 τήν
361 2709 499 2786 ταχίστην
513 2713 583 2768 ἐλῶν
597 2713 624 2772 ές
640 2709 770 2786 Θρηίκην,
786 2710 831 2768 καὶ
844 2709 972 2785 σπουδήν

171 2795 224 2874 ἔχω
242 2797 381 2872 πεμφθεὶς
402 2795 472 2854 κατά
491 2823 519 2856 τι
539 2801 657 2877 πρῆγμα
671 2803 701 2855 ἐκ
714 2801 764 2856 τοῦ
780 2797 972 2874 στρατοπέδου

170 2882 242 2960 μετά
254 2883 348 2944 τῶνδε·
369 2883 452 2946 αὐτός
465 2884 494 2942 δέ
507 2883 572 2961 ῦμῖν
585 2885 744 2962 Μαρδόνιος
762 2885 807 2943 καὶ
821 2884 836 2944 ὁ
850 2883 973 2962 στρατός

171 2968 264 3040 αὐτοῦ,
279 2969 358 3033 οὗτος
372 2971 442 3030 κατά
454 2971 541 3035 πόδας
560 2977 626 3049 ἐμεῦ
647 2973 767 3033 ἐλαύνων
782 2972 973 3050 προσδόκιμός
1019 3027 1023 3036 .

171 3061 241 3115 ἐστι·
258 3060 358 3116 τοῦτον
370 3058 416 3114 καὶ
429 3059 555 3128 ξεινίζετε
570 3061 616 3118 καὶ
630 3059 659 3118 εὖ
672 3064 812 3124 ποιεῦντες
826 3061 972 3136 φαίνεσθε·

171 3141 203 3199 οῦ
215 3142 270 3220 γάρ
283 3143 349 3219 ὑμῖν
363 3149 390 3205 ἐς
402 3144 504 3221 χρόνον
520 3151 607 3206 ταῦτα
625 3152 737 3207 ποιεῦσι
754 3147 973 3225 μεταμελήσει.”

170 3229 303 3286 τοῦτοδὲ
319 3230 405 3298 εἶπας,
421 3229 560 3291 άπέλαυνε
581 3235 691 3312 σπουδῇ
707 3235 759 3310 τήν
775 3234 912 3313 στρατιήν
928 3236 975 3296 διά

171 3316 334 3388 Θεσσαλίης
349 3341 379 3374 τε
399 3318 444 3374 καὶ
466 3319 640 3395 Μακεδονίης
663 3322 706 3381 ἷθῦ
724 3326 773 3397 τῆς
791 3323 920 3399 Θρηίκης,
938 3323 975 3388 οἷς
