<?xml version="1.0" encoding="UTF-8"?>
<!DOCTYPE html PUBLIC "-//W3C//DTD XHTML 1.0 Transitional//EN"
    "http://www.w3.org/TR/xhtml1/DTD/xhtml1-transitional.dtd">
<html xmlns="http://www.w3.org/1999/xhtml" xml:lang="en" lang="en">
 <head>
  <title>
</title>
<meta http-equiv="Content-Type" content="text/html;charset=utf-8" />
  <meta name='ocr-system' content='tesseract 3.04.00' />
  <meta name='ocr-capabilities' content='ocr_page ocr_carea ocr_par ocr_line ocrx_word'/>
</head>
<body>
  <div class='ocr_page' id='page_1' title='image "./herodotusrecens00blakgoog_0262.png"; bbox 0 0 2282 3550; ppageno 0'>
   <div class='ocr_carea' id='block_1_1' title="bbox 138 143 1004 3396">
    <p class='ocr_par' dir='ltr' id='par_1_1' title="bbox 185 143 988 904">
     <span class='ocr_line' id='line_1_1' title="bbox 186 143 983 208; baseline -0.001 -14"><span class='ocrx_word' id='word_1_1' title='bbox 186 147 233 194; x_wconf 69' lang='grc' dir='ltr'>οτι</span> <span class='ocrx_word' id='word_1_2' title='bbox 499 143 679 192; x_wconf 76' lang='grc' dir='ltr'>ἨΡοιουοτ</span> <span class='ocrx_word' id='word_1_3' title='bbox 889 143 983 208; x_wconf 78' lang='lat' dir='ltr'><strong>[vm.</strong></span> 
     </span>
     <span class='ocr_line' id='line_1_2' title="bbox 185 225 988 303; baseline 0 -18"><span class='ocrx_word' id='word_1_4' title='bbox 185 253 272 303; x_wconf 90' lang='grc' dir='ltr'>μενο·,</span> <span class='ocrx_word' id='word_1_5' title='bbox 285 232 312 289; x_wconf 89' lang='grc' dir='ltr'>ἐς</span> <span class='ocrx_word' id='word_1_6' title='bbox 324 225 376 302; x_wconf 86' lang='grc' dir='ltr'>τήν</span> <span class='ocrx_word' id='word_1_7' title='bbox 387 227 534 300; x_wconf 72' lang='grc' dir='ltr'>Σαλαμῖνα</span> <span class='ocrx_word' id='word_1_8' title='bbox 548 225 658 284; x_wconf 76' lang='grc' dir='ltr'>διένεον·</span> <span class='ocrx_word' id='word_1_9' title='bbox 679 229 734 284; x_wconf 80' lang='grc' dir='ltr'>τῶν</span> <span class='ocrx_word' id='word_1_10' title='bbox 747 226 777 284; x_wconf 86' lang='grc' dir='ltr'>δέ</span> <span class='ocrx_word' id='word_1_11' title='bbox 790 225 946 302; x_wconf 89' lang='grc' dir='ltr'>βαρβάρων</span> <span class='ocrx_word' id='word_1_12' title='bbox 961 231 988 285; x_wconf 79' lang='grc' dir='ltr'>οἱ</span> 
     </span>
     <span class='ocr_line' id='line_1_3' title="bbox 185 312 988 393; baseline 0.001 -21"><span class='ocrx_word' id='word_1_13' title='bbox 185 315 291 373; x_wconf 89' lang='grc' dir='ltr'>πολλοὶ</span> <span class='ocrx_word' id='word_1_14' title='bbox 319 319 347 373; x_wconf 86' lang='grc' dir='ltr'>ἐν</span> <span class='ocrx_word' id='word_1_15' title='bbox 378 317 414 393; x_wconf 80' lang='grc' dir='ltr'>τῇ</span> <span class='ocrx_word' id='word_1_16' title='bbox 443 313 578 391; x_wconf 78' lang='grc' dir='ltr'>θαλάσσῃ</span> <span class='ocrx_word' id='word_1_17' title='bbox 609 312 810 391; x_wconf 77' lang='grc' dir='ltr'>διεφθάρησαν,</span> <span class='ocrx_word' id='word_1_18' title='bbox 841 315 910 373; x_wconf 91' lang='grc' dir='ltr'>νέειν</span> <span class='ocrx_word' id='word_1_19' title='bbox 937 314 988 374; x_wconf 78' lang='grc' dir='ltr'>οὐκ</span> 
     </span>
     <span class='ocr_line' id='line_1_4' title="bbox 185 397 987 483; baseline 0.004 -24"><span class='ocrx_word' id='word_1_20' title='bbox 185 399 375 478; x_wconf 87' lang='grc' dir='ltr'>ἐπιστάμενοι.</span> <span class='ocrx_word' id='word_1_21' title='bbox 400 397 477 460; x_wconf 72' lang='grc' dir='ltr'>’ἐπεὶ</span> <span class='ocrx_word' id='word_1_22' title='bbox 505 402 534 460; x_wconf 86' lang='grc' dir='ltr'>δέ</span> <span class='ocrx_word' id='word_1_23' title='bbox 561 404 590 459; x_wconf 83' lang='grc' dir='ltr'>αἶ</span> <span class='ocrx_word' id='word_1_24' title='bbox 616 405 724 478; x_wconf 79' lang='grc' dir='ltr'>πρῶται</span> <span class='ocrx_word' id='word_1_25' title='bbox 744 406 771 464; x_wconf 91' lang='grc' dir='ltr'>ἐς</span> <span class='ocrx_word' id='word_1_26' title='bbox 795 401 889 483; x_wconf 79' lang='grc' dir='ltr'>φυγήν</span> <span class='ocrx_word' id='word_1_27' title='bbox 910 403 987 479; x_wconf 88' lang='grc' dir='ltr'>ἐτρά·</span> 
     </span>
     <span class='ocr_line' id='line_1_5' title="bbox 186 490 987 573; baseline 0.006 -26"><span class='ocrx_word' id='word_1_28' title='bbox 186 515 282 559; x_wconf 92' lang='grc' dir='ltr'>ποντο,</span> <span class='ocrx_word' id='word_1_29' title='bbox 305 491 423 549; x_wconf 85' lang='grc' dir='ltr'>ἐνθαῦτα</span> <span class='ocrx_word' id='word_1_30' title='bbox 444 493 474 549; x_wconf 82' lang='grc' dir='ltr'>αἰ</span> <span class='ocrx_word' id='word_1_31' title='bbox 495 493 628 548; x_wconf 84' lang='grc' dir='ltr'>πλεῖσται</span> <span class='ocrx_word' id='word_1_32' title='bbox 652 490 851 566; x_wconf 85' lang='grc' dir='ltr'>διεφθείροντο·</span> <span class='ocrx_word' id='word_1_33' title='bbox 887 494 913 551; x_wconf 86' lang='grc' dir='ltr'>οἶ</span> <span class='ocrx_word' id='word_1_34' title='bbox 932 492 987 573; x_wconf 84' lang='grc' dir='ltr'>γάρ</span> 
     </span>
     <span class='ocr_line' id='line_1_6' title="bbox 186 575 987 658; baseline 0.005 -22"><span class='ocrx_word' id='word_1_35' title='bbox 186 575 289 638; x_wconf 82' lang='grc' dir='ltr'>ὄπισθε</span> <span class='ocrx_word' id='word_1_36' title='bbox 299 579 471 658; x_wconf 80' lang='grc' dir='ltr'>τεταγμένοι,</span> <span class='ocrx_word' id='word_1_37' title='bbox 482 582 510 641; x_wconf 93' lang='grc' dir='ltr'>ἐς</span> <span class='ocrx_word' id='word_1_38' title='bbox 522 577 555 637; x_wconf 84' lang='grc' dir='ltr'>τδ</span> <span class='ocrx_word' id='word_1_39' title='bbox 569 577 678 655; x_wconf 83' lang='grc' dir='ltr'>πρόσθε</span> <span class='ocrx_word' id='word_1_40' title='bbox 688 582 756 658; x_wconf 82' lang='grc' dir='ltr'>τῇσι</span> <span class='ocrx_word' id='word_1_41' title='bbox 767 579 850 654; x_wconf 84' lang='grc' dir='ltr'>νηυσὶ</span> <span class='ocrx_word' id='word_1_42' title='bbox 860 581 987 657; x_wconf 65' lang='grc' dir='ltr'>παριᾶ-αι</span> 
     </span>
     <span class='ocr_line' id='line_1_7' title="bbox 185 665 988 749; baseline 0.005 -25"><span class='ocrx_word' id='word_1_43' title='bbox 185 665 358 743; x_wconf 72' lang='grc' dir='ltr'>πειρώμενοι,</span> <span class='ocrx_word' id='word_1_44' title='bbox 385 665 420 730; x_wconf 73' lang='grc' dir='ltr'>οἷς</span> <span class='ocrx_word' id='word_1_45' title='bbox 447 665 648 744; x_wconf 72' lang='grc' dir='ltr'>ἀποδεξόμενοί</span> <span class='ocrx_word' id='word_1_46' title='bbox 675 693 702 727; x_wconf 93' lang='grc' dir='ltr'>τι</span> <span class='ocrx_word' id='word_1_47' title='bbox 730 667 775 726; x_wconf 83' lang='grc' dir='ltr'>καὶ</span> <span class='ocrx_word' id='word_1_48' title='bbox 802 666 880 736; x_wconf 77' lang='grc' dir='ltr'>αὐτοὶ</span> <span class='ocrx_word' id='word_1_49' title='bbox 907 669 988 749; x_wconf 83' lang='grc' dir='ltr'>ἔργον</span> 
     </span>
     <span class='ocr_line' id='line_1_8' title="bbox 186 755 988 835; baseline 0.004 -23"><span class='ocrx_word' id='word_1_50' title='bbox 186 756 315 829; x_wconf 85' lang='grc' dir='ltr'>βασιλέϊ,</span> <span class='ocrx_word' id='word_1_51' title='bbox 337 759 405 834; x_wconf 74' lang='grc' dir='ltr'>τῇσι</span> <span class='ocrx_word' id='word_1_52' title='bbox 425 760 582 835; x_wconf 79' lang='grc' dir='ltr'>σφετέρῃσι</span> <span class='ocrx_word' id='word_1_53' title='bbox 602 757 683 831; x_wconf 81' lang='grc' dir='ltr'>νηυσὶ</span> <span class='ocrx_word' id='word_1_54' title='bbox 708 755 886 834; x_wconf 78' lang='grc' dir='ltr'>φευγούσῃσι</span> <span class='ocrx_word' id='word_1_55' title='bbox 912 782 988 834; x_wconf 92' lang='grc' dir='ltr'>περι-</span> 
     </span>
     <span class='ocr_line' id='line_1_9' title="bbox 186 845 308 904; baseline 0.016 -2"><span class='ocrx_word' id='word_1_56' title='bbox 186 845 308 904; x_wconf 85' lang='grc' dir='ltr'>έπιπτον.</span> 
     </span>
    </p>

    <p class='ocr_par' dir='ltr' id='par_1_2' title="bbox 138 931 1004 2072">
     <span class='ocr_line' id='line_1_10' title="bbox 138 931 1004 1013; baseline 0.003 -23"><span class='ocrx_word' id='word_1_57' title='bbox 138 933 177 990; x_wconf 87' lang='grc'>90</span> <span class='ocrx_word' id='word_1_58' title='bbox 225 932 354 1013; x_wconf 85' lang='grc' dir='ltr'>Ἐγένετο</span> <span class='ocrx_word' id='word_1_59' title='bbox 375 933 404 992; x_wconf 87' lang='grc' dir='ltr'>δέ</span> <span class='ocrx_word' id='word_1_60' title='bbox 426 933 471 991; x_wconf 87' lang='grc' dir='ltr'>καὶ</span> <span class='ocrx_word' id='word_1_61' title='bbox 491 931 555 992; x_wconf 86' lang='grc' dir='ltr'>τάδε</span> <span class='ocrx_word' id='word_1_62' title='bbox 575 937 604 991; x_wconf 93' lang='grc' dir='ltr'>ἐν</span> <span class='ocrx_word' id='word_1_63' title='bbox 624 935 662 1010; x_wconf 78' lang='grc' dir='ltr'>τῷ</span> <span class='ocrx_word' id='word_1_64' title='bbox 683 932 795 1011; x_wconf 76' lang='grc' dir='ltr'>θορύβῳ</span> <span class='ocrx_word' id='word_1_65' title='bbox 814 933 911 1012; x_wconf 80' lang='grc' dir='ltr'>τούτῳ·</span> <span class='ocrx_word' id='word_1_66' title='bbox 932 936 1004 994; x_wconf 76' lang='grc' dir='ltr'>τῶν</span> 
     </span>
     <span class='ocr_line' id='line_1_11' title="bbox 185 1021 987 1098; baseline 0.002 -19"><span class='ocrx_word' id='word_1_67' title='bbox 185 1046 256 1084; x_wconf 92' lang='grc' dir='ltr'>τινες</span> <span class='ocrx_word' id='word_1_68' title='bbox 279 1023 412 1081; x_wconf 85' lang='grc' dir='ltr'>Φοινίκων</span> <span class='ocrx_word' id='word_1_69' title='bbox 435 1025 490 1080; x_wconf 82' lang='grc' dir='ltr'>τῶν</span> <span class='ocrx_word' id='word_1_70' title='bbox 513 1024 542 1079; x_wconf 84' lang='grc' dir='ltr'>αἶ</span> <span class='ocrx_word' id='word_1_71' title='bbox 562 1025 625 1096; x_wconf 82' lang='grc' dir='ltr'>νῆες</span> <span class='ocrx_word' id='word_1_72' title='bbox 645 1021 838 1098; x_wconf 88' lang='grc' dir='ltr'>διεφθαρέατο,</span> <span class='ocrx_word' id='word_1_73' title='bbox 860 1021 987 1086; x_wconf 81' lang='grc' dir='ltr'>ἐλθόντες</span> 
     </span>
     <span class='ocr_line' id='line_1_12' title="bbox 185 1108 988 1186; baseline 0.001 -18"><span class='ocrx_word' id='word_1_74' title='bbox 185 1110 262 1186; x_wconf 84' lang='grc' dir='ltr'>παρά</span> <span class='ocrx_word' id='word_1_75' title='bbox 274 1111 402 1186; x_wconf 84' lang='grc' dir='ltr'>βασιλέα</span> <span class='ocrx_word' id='word_1_76' title='bbox 416 1109 571 1185; x_wconf 82' lang='grc' dir='ltr'>διέβαλλον</span> <span class='ocrx_word' id='word_1_77' title='bbox 584 1108 760 1182; x_wconf 80' lang='grc' dir='ltr'>τούςἸωνας,</span> <span class='ocrx_word' id='word_1_78' title='bbox 774 1109 809 1173; x_wconf 78' lang='grc' dir='ltr'>ὥς</span> <span class='ocrx_word' id='word_1_79' title='bbox 822 1109 856 1168; x_wconf 83' lang='grc' dir='ltr'>δι’</span> <span class='ocrx_word' id='word_1_80' title='bbox 870 1111 988 1174; x_wconf 80' lang='grc' dir='ltr'>ἐκείνους</span> 
     </span>
     <span class='ocr_line' id='line_1_13' title="bbox 187 1196 988 1274; baseline 0.005 -18"><span class='ocrx_word' id='word_1_81' title='bbox 187 1196 342 1258; x_wconf 89' lang='grc' dir='ltr'>άπολοίατο</span> <span class='ocrx_word' id='word_1_82' title='bbox 370 1201 399 1257; x_wconf 84' lang='grc' dir='ltr'>αἱ</span> <span class='ocrx_word' id='word_1_83' title='bbox 423 1202 494 1273; x_wconf 83' lang='grc' dir='ltr'>νῆες,</span> <span class='ocrx_word' id='word_1_84' title='bbox 520 1197 555 1262; x_wconf 79' lang='grc' dir='ltr'>ὦς</span> <span class='ocrx_word' id='word_1_85' title='bbox 581 1198 748 1274; x_wconf 89' lang='grc' dir='ltr'>προδόντων·</span> <span class='ocrx_word' id='word_1_86' title='bbox 783 1198 926 1274; x_wconf 89' lang='grc' dir='ltr'>συνήνεικε</span> <span class='ocrx_word' id='word_1_87' title='bbox 951 1198 988 1260; x_wconf 75' lang='grc' dir='ltr'>ὧν</span> 
     </span>
     <span class='ocr_line' id='line_1_14' title="bbox 187 1285 987 1367; baseline 0 -21"><span class='ocrx_word' id='word_1_88' title='bbox 187 1285 264 1359; x_wconf 77' lang='grc' dir='ltr'>οὕτω,</span> <span class='ocrx_word' id='word_1_89' title='bbox 294 1286 366 1346; x_wconf 78' lang='grc' dir='ltr'>ὥστε</span> <span class='ocrx_word' id='word_1_90' title='bbox 392 1286 491 1346; x_wconf 79' lang='grc' dir='ltr'>Ἰάνων</span> <span class='ocrx_word' id='word_1_91' title='bbox 511 1313 542 1346; x_wconf 90' lang='grc' dir='ltr'>τε</span> <span class='ocrx_word' id='word_1_92' title='bbox 563 1287 627 1349; x_wconf 79' lang='grc' dir='ltr'>τούς</span> <span class='ocrx_word' id='word_1_93' title='bbox 655 1286 829 1367; x_wconf 79' lang='grc' dir='ltr'>στρατηγούς</span> <span class='ocrx_word' id='word_1_94' title='bbox 854 1286 895 1362; x_wconf 85' lang='grc' dir='ltr'>μή</span> <span class='ocrx_word' id='word_1_95' title='bbox 919 1286 987 1347; x_wconf 87' lang='grc' dir='ltr'>α’πο-</span> 
     </span>
     <span class='ocr_line' id='line_1_15' title="bbox 187 1373 988 1452; baseline 0.005 -20"><span class='ocrx_word' id='word_1_96' title='bbox 187 1375 296 1447; x_wconf 88' lang='grc' dir='ltr'>λέσθαι,</span> <span class='ocrx_word' id='word_1_97' title='bbox 325 1377 459 1434; x_wconf 86' lang='grc' dir='ltr'>Φοινίκων</span> <span class='ocrx_word' id='word_1_98' title='bbox 490 1401 521 1434; x_wconf 92' lang='grc' dir='ltr'>τε</span> <span class='ocrx_word' id='word_1_99' title='bbox 550 1374 615 1437; x_wconf 77' lang='grc' dir='ltr'>τούς</span> <span class='ocrx_word' id='word_1_100' title='bbox 646 1373 854 1450; x_wconf 87' lang='grc' dir='ltr'>διαβάλλοντας</span> <span class='ocrx_word' id='word_1_101' title='bbox 884 1377 988 1452; x_wconf 84' lang='grc' dir='ltr'>λαβεῖν</span> 
     </span>
     <span class='ocr_line' id='line_1_16' title="bbox 187 1462 988 1542; baseline 0.002 -21"><span class='ocrx_word' id='word_1_102' title='bbox 187 1462 292 1522; x_wconf 89' lang='grc' dir='ltr'>τοιόνδε</span> <span class='ocrx_word' id='word_1_103' title='bbox 306 1463 420 1538; x_wconf 90' lang='grc' dir='ltr'>μισθόν·</span> <span class='ocrx_word' id='word_1_104' title='bbox 443 1465 482 1522; x_wconf 85' lang='grc' dir='ltr'>ἐτι</span> <span class='ocrx_word' id='word_1_105' title='bbox 492 1463 598 1522; x_wconf 89' lang='grc' dir='ltr'>τούτων</span> <span class='ocrx_word' id='word_1_106' title='bbox 610 1467 698 1522; x_wconf 83' lang='grc' dir='ltr'>ταῦτα</span> <span class='ocrx_word' id='word_1_107' title='bbox 709 1462 855 1542; x_wconf 86' lang='grc' dir='ltr'>λεγόντων,</span> <span class='ocrx_word' id='word_1_108' title='bbox 868 1464 988 1539; x_wconf 73' lang='grc' dir='ltr'>ἐνέβαλε</span> 
     </span>
     <span class='ocr_line' id='line_1_17' title="bbox 187 1549 987 1629; baseline 0.001 -19"><span class='ocrx_word' id='word_1_109' title='bbox 187 1551 232 1625; x_wconf 72' lang='grc' dir='ltr'>νηῒ</span> <span class='ocrx_word' id='word_1_110' title='bbox 257 1549 372 1629; x_wconf 77' lang='grc' dir='ltr'>Ἀττικῇ</span> <span class='ocrx_word' id='word_1_111' title='bbox 399 1551 590 1628; x_wconf 76' lang='grc' dir='ltr'>Σαμοθρηῖκίη</span> <span class='ocrx_word' id='word_1_112' title='bbox 614 1555 687 1626; x_wconf 82' lang='grc' dir='ltr'>νηῦς·</span> <span class='ocrx_word' id='word_1_113' title='bbox 722 1551 741 1627; x_wconf 87' lang='grc' dir='ltr'>ἥ</span> <span class='ocrx_word' id='word_1_114' title='bbox 764 1575 795 1610; x_wconf 92' lang='grc' dir='ltr'>τε</span> <span class='ocrx_word' id='word_1_115' title='bbox 819 1550 852 1626; x_wconf 83' lang='grc' dir='ltr'>δή</span> <span class='ocrx_word' id='word_1_116' title='bbox 873 1550 987 1628; x_wconf 80' lang='grc' dir='ltr'>Ἀττική</span> 
     </span>
     <span class='ocr_line' id='line_1_18' title="bbox 187 1637 988 1720; baseline 0.004 -24"><span class='ocrx_word' id='word_1_117' title='bbox 187 1637 341 1709; x_wconf 90' lang='grc' dir='ltr'>κατεδύετο,</span> <span class='ocrx_word' id='word_1_118' title='bbox 356 1640 402 1698; x_wconf 86' lang='grc' dir='ltr'>καὶ</span> <span class='ocrx_word' id='word_1_119' title='bbox 421 1641 608 1718; x_wconf 69' lang='grc' dir='ltr'>ἐπιφερομένη]</span> <span class='ocrx_word' id='word_1_120' title='bbox 622 1641 751 1720; x_wconf 83' lang='grc' dir='ltr'>Αἰγιναίη</span> <span class='ocrx_word' id='word_1_121' title='bbox 770 1643 837 1716; x_wconf 81' lang='grc' dir='ltr'>νηῦς</span> <span class='ocrx_word' id='word_1_122' title='bbox 853 1641 988 1699; x_wconf 88' lang='grc' dir='ltr'>κατέδυσε</span> 
     </span>
     <span class='ocr_line' id='line_1_19' title="bbox 186 1727 987 1806; baseline 0.005 -21"><span class='ocrx_word' id='word_1_123' title='bbox 186 1730 242 1786; x_wconf 81' lang='grc' dir='ltr'>τῶν</span> <span class='ocrx_word' id='word_1_124' title='bbox 255 1728 453 1806; x_wconf 76' lang='grc' dir='ltr'>Σαμοθρηίκων</span> <span class='ocrx_word' id='word_1_125' title='bbox 467 1729 518 1804; x_wconf 84' lang='grc' dir='ltr'>τήν</span> <span class='ocrx_word' id='word_1_126' title='bbox 532 1733 594 1804; x_wconf 85' lang='grc' dir='ltr'>νῆα·</span> <span class='ocrx_word' id='word_1_127' title='bbox 612 1729 660 1789; x_wconf 83' lang='grc' dir='ltr'>ἅτε</span> <span class='ocrx_word' id='word_1_128' title='bbox 675 1729 709 1806; x_wconf 88' lang='grc' dir='ltr'>δή</span> <span class='ocrx_word' id='word_1_129' title='bbox 721 1729 810 1792; x_wconf 89' lang='grc' dir='ltr'>ἐόντες</span> <span class='ocrx_word' id='word_1_130' title='bbox 824 1727 987 1789; x_wconf 79' lang='grc' dir='ltr'>άκοντισταὶ</span> 
     </span>
     <span class='ocr_line' id='line_1_20' title="bbox 188 1815 987 1894; baseline 0.003 -20"><span class='ocrx_word' id='word_1_131' title='bbox 188 1819 214 1874; x_wconf 87' lang='grc' dir='ltr'>οἶ</span> <span class='ocrx_word' id='word_1_132' title='bbox 242 1815 440 1894; x_wconf 76' lang='grc' dir='ltr'>Σαμοθρήῖκες,</span> <span class='ocrx_word' id='word_1_133' title='bbox 467 1818 531 1880; x_wconf 85' lang='grc' dir='ltr'>τούς</span> <span class='ocrx_word' id='word_1_134' title='bbox 554 1817 689 1892; x_wconf 82' lang='grc' dir='ltr'>ἐπιβάτας</span> <span class='ocrx_word' id='word_1_135' title='bbox 716 1816 772 1876; x_wconf 83' lang='grc' dir='ltr'>άπά</span> <span class='ocrx_word' id='word_1_136' title='bbox 796 1821 846 1892; x_wconf 80' lang='grc' dir='ltr'>τῆς</span> <span class='ocrx_word' id='word_1_137' title='bbox 872 1843 925 1876; x_wconf 95' lang='grc' dir='ltr'>κατ</span> <span class='ocrx_word' id='word_1_138' title='bbox 959 1844 987 1876; x_wconf 80' lang='grc' dir='ltr'>υ·</span> 
     </span>
     <span class='ocr_line' id='line_1_21' title="bbox 187 1903 988 1981; baseline 0.004 -19"><span class='ocrx_word' id='word_1_139' title='bbox 187 1903 280 1980; x_wconf 86' lang='grc' dir='ltr'>σάσης</span> <span class='ocrx_word' id='word_1_140' title='bbox 301 1904 366 1981; x_wconf 82' lang='grc' dir='ltr'>νηός</span> <span class='ocrx_word' id='word_1_141' title='bbox 383 1905 544 1980; x_wconf 83' lang='grc' dir='ltr'>βάλλοντες</span> <span class='ocrx_word' id='word_1_142' title='bbox 560 1905 712 1980; x_wconf 77' lang='grc' dir='ltr'>ἀπήραξαν,</span> <span class='ocrx_word' id='word_1_143' title='bbox 732 1907 778 1964; x_wconf 83' lang='grc' dir='ltr'>καὶ</span> <span class='ocrx_word' id='word_1_144' title='bbox 795 1905 941 1981; x_wconf 88' lang='grc' dir='ltr'>ἐπέβησάν</span> <span class='ocrx_word' id='word_1_145' title='bbox 956 1932 988 1966; x_wconf 90' lang='grc' dir='ltr'>τε</span> 
     </span>
     <span class='ocr_line' id='line_1_22' title="bbox 187 1992 988 2072; baseline 0.002 -22"><span class='ocrx_word' id='word_1_146' title='bbox 187 1993 234 2050; x_wconf 86' lang='grc' dir='ltr'>καὶ</span> <span class='ocrx_word' id='word_1_147' title='bbox 267 1993 353 2071; x_wconf 81' lang='grc' dir='ltr'>ἔσχον</span> <span class='ocrx_word' id='word_1_148' title='bbox 380 1993 475 2069; x_wconf 82' lang='grc' dir='ltr'>αύτήν.</span> <span class='ocrx_word' id='word_1_149' title='bbox 517 1997 605 2052; x_wconf 84' lang='grc' dir='ltr'>ταῦτα</span> <span class='ocrx_word' id='word_1_150' title='bbox 634 1992 769 2072; x_wconf 87' lang='grc' dir='ltr'>γενόμενα</span> <span class='ocrx_word' id='word_1_151' title='bbox 800 1993 864 2056; x_wconf 75' lang='grc' dir='ltr'>τούς</span> <span class='ocrx_word' id='word_1_152' title='bbox 890 1993 988 2058; x_wconf 89' lang='grc' dir='ltr'>Ἰωνας</span> 
     </span>
    </p>

    <p class='ocr_par' dir='ltr' id='par_1_3' title="bbox 146 2079 992 3127">
     <span class='ocr_line' id='line_1_23' title="bbox 146 2079 988 2164; baseline 0.004 -26"><span class='ocrx_word' id='word_1_153' title='bbox 146 2143 157 2160; x_wconf 77' lang='lat'><em>.</em></span> <span class='ocrx_word' id='word_1_154' title='bbox 187 2079 333 2157; x_wconf 87' lang='grc' dir='ltr'>ἐρρύσατο·</span> <span class='ocrx_word' id='word_1_155' title='bbox 366 2081 401 2144; x_wconf 80' lang='grc' dir='ltr'>ὦς</span> <span class='ocrx_word' id='word_1_156' title='bbox 423 2081 478 2162; x_wconf 83' lang='grc' dir='ltr'>γάρ</span> <span class='ocrx_word' id='word_1_157' title='bbox 499 2081 554 2140; x_wconf 85' lang='grc' dir='ltr'>εἶδέ</span> <span class='ocrx_word' id='word_1_158' title='bbox 577 2089 669 2156; x_wconf 92' lang='grc' dir='ltr'>σφεας</span> <span class='ocrx_word' id='word_1_159' title='bbox 689 2081 795 2158; x_wconf 78' lang='grc' dir='ltr'>Ξέρξης</span> <span class='ocrx_word' id='word_1_160' title='bbox 817 2082 897 2162; x_wconf 81' lang='grc' dir='ltr'>ἔργον</span> <span class='ocrx_word' id='word_1_161' title='bbox 913 2085 988 2164; x_wconf 85' lang='grc' dir='ltr'>μέγα</span> 
     </span>
     <span class='ocr_line' id='line_1_24' title="bbox 188 2169 988 2249; baseline 0.005 -23"><span class='ocrx_word' id='word_1_162' title='bbox 188 2169 402 2249; x_wconf 87' lang='grc' dir='ltr'>ἐργασαμένους,</span> <span class='ocrx_word' id='word_1_163' title='bbox 434 2170 568 2246; x_wconf 86' lang='grc' dir='ltr'>ἐτράπετο</span> <span class='ocrx_word' id='word_1_164' title='bbox 596 2169 665 2246; x_wconf 79' lang='grc' dir='ltr'>πρός</span> <span class='ocrx_word' id='word_1_165' title='bbox 686 2169 750 2232; x_wconf 77' lang='grc' dir='ltr'>τούς</span> <span class='ocrx_word' id='word_1_166' title='bbox 776 2169 910 2242; x_wconf 88' lang='grc' dir='ltr'>Φοίνικας,</span> <span class='ocrx_word' id='word_1_167' title='bbox 941 2171 988 2230; x_wconf 72' lang='grc' dir='ltr'>οἷα</span> 
     </span>
     <span class='ocr_line' id='line_1_25' title="bbox 186 2256 990 2335; baseline 0.005 -21"><span class='ocrx_word' id='word_1_168' title='bbox 186 2256 427 2333; x_wconf 83' lang='grc' dir='ltr'>ύπερλυπεάμενός</span> <span class='ocrx_word' id='word_1_169' title='bbox 457 2284 487 2316; x_wconf 93' lang='grc' dir='ltr'>τε</span> <span class='ocrx_word' id='word_1_170' title='bbox 523 2259 568 2316; x_wconf 90' lang='grc' dir='ltr'>καὶ</span> <span class='ocrx_word' id='word_1_171' title='bbox 596 2257 702 2322; x_wconf 88' lang='grc' dir='ltr'>πάντας</span> <span class='ocrx_word' id='word_1_172' title='bbox 732 2259 899 2335; x_wconf 79' lang='grc' dir='ltr'>αἰτιώμενος·</span> <span class='ocrx_word' id='word_1_173' title='bbox 942 2261 990 2318; x_wconf 87' lang='grc' dir='ltr'>καί</span> 
     </span>
     <span class='ocr_line' id='line_1_26' title="bbox 187 2345 988 2424; baseline 0.004 -23"><span class='ocrx_word' id='word_1_174' title='bbox 187 2350 283 2417; x_wconf 92' lang='grc' dir='ltr'>σφεων</span> <span class='ocrx_word' id='word_1_175' title='bbox 311 2347 440 2403; x_wconf 89' lang='grc' dir='ltr'>ἐκέλευσε</span> <span class='ocrx_word' id='word_1_176' title='bbox 467 2352 516 2408; x_wconf 80' lang='grc' dir='ltr'>τάς</span> <span class='ocrx_word' id='word_1_177' title='bbox 544 2345 670 2421; x_wconf 83' lang='grc' dir='ltr'>κεφαλάς</span> <span class='ocrx_word' id='word_1_178' title='bbox 693 2346 848 2422; x_wconf 81' lang='grc' dir='ltr'>α’ποταμεῖν</span> <span class='ocrx_word' id='word_1_179' title='bbox 877 2347 920 2406; x_wconf 84' lang='grc' dir='ltr'>ἵνα</span> <span class='ocrx_word' id='word_1_180' title='bbox 947 2349 988 2424; x_wconf 87' lang='grc' dir='ltr'>μή</span> 
     </span>
     <span class='ocr_line' id='line_1_27' title="bbox 187 2430 988 2513; baseline 0.009 -24"><span class='ocrx_word' id='word_1_181' title='bbox 187 2430 266 2490; x_wconf 84' lang='grc' dir='ltr'>αύτοὶ</span> <span class='ocrx_word' id='word_1_182' title='bbox 286 2434 365 2490; x_wconf 81' lang='grc' dir='ltr'>κακοὶ</span> <span class='ocrx_word' id='word_1_183' title='bbox 383 2434 526 2513; x_wconf 89' lang='grc' dir='ltr'>γενόμενοι</span> <span class='ocrx_word' id='word_1_184' title='bbox 546 2434 610 2496; x_wconf 77' lang='grc' dir='ltr'>τούς</span> <span class='ocrx_word' id='word_1_185' title='bbox 630 2433 776 2510; x_wconf 74' lang='grc' dir='ltr'>ἀμείνονας</span> <span class='ocrx_word' id='word_1_186' title='bbox 796 2435 988 2512; x_wconf 88' lang='grc' dir='ltr'>διαβάλλωσι.</span> 
     </span>
     <span class='ocr_line' id='line_1_28' title="bbox 188 2519 990 2604; baseline 0.007 -25"><span class='ocrx_word' id='word_1_187' title='bbox 188 2519 267 2598; x_wconf 85' lang='grc' dir='ltr'>(ὅκως</span> <span class='ocrx_word' id='word_1_188' title='bbox 293 2519 348 2601; x_wconf 84' lang='grc' dir='ltr'>γάρ</span> <span class='ocrx_word' id='word_1_189' title='bbox 375 2546 436 2580; x_wconf 90' lang='grc' dir='ltr'>τινα</span> <span class='ocrx_word' id='word_1_190' title='bbox 457 2522 511 2580; x_wconf 83' lang='grc' dir='ltr'>ἴδοι</span> <span class='ocrx_word' id='word_1_191' title='bbox 533 2523 638 2599; x_wconf 78' lang='grc' dir='ltr'>Ξέρξης</span> <span class='ocrx_word' id='word_1_192' title='bbox 661 2527 715 2582; x_wconf 77' lang='grc' dir='ltr'>τῶν</span> <span class='ocrx_word' id='word_1_193' title='bbox 738 2526 837 2582; x_wconf 80' lang='grc' dir='ltr'>ἑωυτοῦ</span> <span class='ocrx_word' id='word_1_194' title='bbox 860 2525 940 2604; x_wconf 82' lang='grc' dir='ltr'>ἔργον</span> <span class='ocrx_word' id='word_1_195' title='bbox 961 2551 990 2585; x_wconf 89' lang='grc' dir='ltr'>τι</span> 
     </span>
     <span class='ocr_line' id='line_1_29' title="bbox 187 2606 991 2692; baseline 0.007 -27"><span class='ocrx_word' id='word_1_196' title='bbox 187 2606 418 2686; x_wconf 75' lang='grc' dir='ltr'>ἀποδεικνύμενον</span> <span class='ocrx_word' id='word_1_197' title='bbox 439 2615 468 2669; x_wconf 92' lang='grc' dir='ltr'>ἐν</span> <span class='ocrx_word' id='word_1_198' title='bbox 487 2614 523 2688; x_wconf 75' lang='grc' dir='ltr'>τῇ</span> <span class='ocrx_word' id='word_1_199' title='bbox 544 2611 690 2688; x_wconf 82' lang='grc' dir='ltr'>ναυμαχίη,</span> <span class='ocrx_word' id='word_1_200' title='bbox 708 2613 859 2688; x_wconf 86' lang='grc' dir='ltr'>κατήμενος</span> <span class='ocrx_word' id='word_1_201' title='bbox 878 2611 933 2671; x_wconf 82' lang='grc' dir='ltr'>ύπά</span> <span class='ocrx_word' id='word_1_202' title='bbox 951 2617 991 2692; x_wconf 77' lang='grc' dir='ltr'>τῷ</span> 
     </span>
     <span class='ocr_line' id='line_1_30' title="bbox 188 2694 989 2778; baseline 0.005 -24"><span class='ocrx_word' id='word_1_203' title='bbox 188 2694 262 2772; x_wconf 79' lang='grc' dir='ltr'>οὔρεϊ</span> <span class='ocrx_word' id='word_1_204' title='bbox 280 2699 318 2775; x_wconf 73' lang='grc' dir='ltr'>τῷ</span> <span class='ocrx_word' id='word_1_205' title='bbox 338 2695 431 2757; x_wconf 89' lang='grc' dir='ltr'>άντίον</span> <span class='ocrx_word' id='word_1_206' title='bbox 453 2699 612 2775; x_wconf 79' lang='grc' dir='ltr'>Σαλαμῖνος</span> <span class='ocrx_word' id='word_1_207' title='bbox 631 2698 664 2758; x_wconf 83' lang='grc' dir='ltr'>τό</span> <span class='ocrx_word' id='word_1_208' title='bbox 687 2701 815 2760; x_wconf 88' lang='grc' dir='ltr'>καλέεται</span> <span class='ocrx_word' id='word_1_209' title='bbox 837 2699 989 2778; x_wconf 80' lang='grc' dir='ltr'>Αἰγάλεως,</span> 
     </span>
     <span class='ocr_line' id='line_1_31' title="bbox 187 2783 992 2868; baseline 0.007 -27"><span class='ocrx_word' id='word_1_210' title='bbox 187 2783 389 2845; x_wconf 75' lang='grc' dir='ltr'>ἀνεπυνθάνετο</span> <span class='ocrx_word' id='word_1_211' title='bbox 409 2785 459 2845; x_wconf 82' lang='grc' dir='ltr'>τόν</span> <span class='ocrx_word' id='word_1_212' title='bbox 477 2785 645 2860; x_wconf 88' lang='grc' dir='ltr'>ποιήσαντα·</span> <span class='ocrx_word' id='word_1_213' title='bbox 671 2789 716 2847; x_wconf 88' lang='grc' dir='ltr'>καὶ</span> <span class='ocrx_word' id='word_1_214' title='bbox 735 2791 761 2847; x_wconf 81' lang='grc' dir='ltr'>οἳ</span> <span class='ocrx_word' id='word_1_215' title='bbox 778 2789 992 2868; x_wconf 83' lang='grc' dir='ltr'>γραμματισταὶ</span> 
     </span>
     <span class='ocr_line' id='line_1_32' title="bbox 187 2870 991 2958; baseline 0.007 -29"><span class='ocrx_word' id='word_1_216' title='bbox 187 2870 347 2951; x_wconf 73' lang='grc' dir='ltr'>ἀνέγραφον</span> <span class='ocrx_word' id='word_1_217' title='bbox 360 2873 498 2950; x_wconf 89' lang='grc' dir='ltr'>πατρόθεν</span> <span class='ocrx_word' id='word_1_218' title='bbox 511 2873 561 2933; x_wconf 85' lang='grc' dir='ltr'>τόν</span> <span class='ocrx_word' id='word_1_219' title='bbox 574 2875 743 2954; x_wconf 83' lang='grc' dir='ltr'>τριήραρχον</span> <span class='ocrx_word' id='word_1_220' title='bbox 757 2877 803 2935; x_wconf 84' lang='grc' dir='ltr'>καὶ</span> <span class='ocrx_word' id='word_1_221' title='bbox 819 2875 870 2951; x_wconf 87' lang='grc' dir='ltr'>τήν</span> <span class='ocrx_word' id='word_1_222' title='bbox 882 2875 991 2958; x_wconf 90' lang='grc' dir='ltr'>πόλιν.)</span> 
     </span>
     <span class='ocr_line' id='line_1_33' title="bbox 188 2960 992 3039; baseline 0.005 -23"><span class='ocrx_word' id='word_1_223' title='bbox 188 2960 257 3034; x_wconf 85' lang='grc' dir='ltr'>πράς</span> <span class='ocrx_word' id='word_1_224' title='bbox 271 2960 300 3018; x_wconf 84' lang='grc' dir='ltr'>δὲ</span> <span class='ocrx_word' id='word_1_225' title='bbox 314 2962 353 3018; x_wconf 90' lang='grc' dir='ltr'>ἐτι</span> <span class='ocrx_word' id='word_1_226' title='bbox 367 2960 412 3018; x_wconf 80' lang='grc' dir='ltr'>καὶ</span> <span class='ocrx_word' id='word_1_227' title='bbox 425 2961 625 3037; x_wconf 85' lang='grc' dir='ltr'>προσελάβετο</span> <span class='ocrx_word' id='word_1_228' title='bbox 637 2964 722 3038; x_wconf 88' lang='grc' dir='ltr'>φίλος</span> <span class='ocrx_word' id='word_1_229' title='bbox 737 2963 787 3022; x_wconf 79' lang='grc' dir='ltr'>ἐιδν</span> <span class='ocrx_word' id='word_1_230' title='bbox 794 2961 992 3039; x_wconf 84' lang='grc' dir='ltr'>Ἀριαράμνης,</span> 
     </span>
     <span class='ocr_line' id='line_1_34' title="bbox 188 3044 992 3127; baseline 0.009 -24"><span class='ocrx_word' id='word_1_231' title='bbox 188 3044 257 3122; x_wconf 83' lang='grc' dir='ltr'>α’νήρ</span> <span class='ocrx_word' id='word_1_232' title='bbox 273 3048 387 3122; x_wconf 90' lang='grc' dir='ltr'>Πέρσης</span> <span class='ocrx_word' id='word_1_233' title='bbox 400 3050 517 3124; x_wconf 81' lang='grc' dir='ltr'>παρεών,</span> <span class='ocrx_word' id='word_1_234' title='bbox 527 3049 628 3108; x_wconf 87' lang='grc' dir='ltr'>τούτου</span> <span class='ocrx_word' id='word_1_235' title='bbox 641 3055 690 3109; x_wconf 83' lang='grc' dir='ltr'>τοῦ</span> <span class='ocrx_word' id='word_1_236' title='bbox 705 3052 862 3127; x_wconf 77' lang='grc' dir='ltr'>Φοινικηίου</span> <span class='ocrx_word' id='word_1_237' title='bbox 877 3050 992 3115; x_wconf 88' lang='grc' dir='ltr'>πάθεος·</span> 
     </span>
    </p>

    <p class='ocr_par' dir='ltr' id='par_1_4' title="bbox 140 3134 997 3396">
     <span class='ocr_line' id='line_1_35' title="bbox 140 3134 995 3216; baseline 0.013 -27"><span class='ocrx_word' id='word_1_238' title='bbox 140 3134 176 3189; x_wconf 84' lang='grc'>91</span> <span class='ocrx_word' id='word_1_239' title='bbox 231 3135 267 3190; x_wconf 84' lang='grc' dir='ltr'>Οἱ</span> <span class='ocrx_word' id='word_1_240' title='bbox 280 3137 330 3209; x_wconf 86' lang='grc' dir='ltr'>μὲν</span> <span class='ocrx_word' id='word_1_241' title='bbox 345 3135 378 3210; x_wconf 80' lang='grc' dir='ltr'>δή</span> <span class='ocrx_word' id='word_1_242' title='bbox 392 3136 462 3211; x_wconf 79' lang='grc' dir='ltr'>πρός</span> <span class='ocrx_word' id='word_1_243' title='bbox 474 3136 538 3198; x_wconf 82' lang='grc' dir='ltr'>τούς</span> <span class='ocrx_word' id='word_1_244' title='bbox 552 3140 680 3200; x_wconf 88' lang='grc' dir='ltr'>Φοινίκας</span> <span class='ocrx_word' id='word_1_245' title='bbox 695 3139 856 3216; x_wconf 75' lang='grc' dir='ltr'>ἐτράποντο,</span> <span class='ocrx_word' id='word_1_246' title='bbox 894 3141 995 3200; x_wconf 82' lang='grc' dir='ltr'>τῶνδὲ</span> 
     </span>
     <span class='ocr_line' id='line_1_36' title="bbox 187 3219 995 3303; baseline 0.015 -29"><span class='ocrx_word' id='word_1_247' title='bbox 187 3219 343 3296; x_wconf 87' lang='grc' dir='ltr'>βαρβάρων</span> <span class='ocrx_word' id='word_1_248' title='bbox 371 3228 398 3284; x_wconf 90' lang='grc' dir='ltr'>ἐς</span> <span class='ocrx_word' id='word_1_249' title='bbox 426 3223 519 3303; x_wconf 84' lang='grc' dir='ltr'>φυγήν</span> <span class='ocrx_word' id='word_1_250' title='bbox 544 3227 722 3300; x_wconf 89' lang='grc' dir='ltr'>τραπομένων</span> <span class='ocrx_word' id='word_1_251' title='bbox 750 3228 796 3285; x_wconf 82' lang='grc' dir='ltr'>καὶ</span> <span class='ocrx_word' id='word_1_252' title='bbox 819 3227 995 3287; x_wconf 89' lang='grc' dir='ltr'>ἐκπλεόντων</span> 
     </span>
     <span class='ocr_line' id='line_1_37' title="bbox 188 3305 997 3396; baseline 0.019 -36"><span class='ocrx_word' id='word_1_253' title='bbox 188 3305 257 3380; x_wconf 81' lang='grc' dir='ltr'>πρός</span> <span class='ocrx_word' id='word_1_254' title='bbox 283 3307 316 3365; x_wconf 84' lang='grc' dir='ltr'>τδ</span> <span class='ocrx_word' id='word_1_255' title='bbox 344 3309 483 3385; x_wconf 87' lang='grc' dir='ltr'>Φάληρον,</span> <span class='ocrx_word' id='word_1_256' title='bbox 514 3315 668 3390; x_wconf 78' lang='grc' dir='ltr'>Αἰγινῆται,</span> <span class='ocrx_word' id='word_1_257' title='bbox 700 3313 873 3376; x_wconf 80' lang='grc' dir='ltr'>ύποστάντες</span> <span class='ocrx_word' id='word_1_258' title='bbox 901 3320 929 3376; x_wconf 81' lang='grc' dir='ltr'>ἐν</span> <span class='ocrx_word' id='word_1_259' title='bbox 957 3320 997 3396; x_wconf 75' lang='grc' dir='ltr'>τῷ</span> 
     </span>
    </p>
   </div>
   <div class='ocr_carea' id='block_1_2' title="bbox 0 0 1150 3550">
    <p class='ocr_par' dir='ltr' id='par_1_5' title="bbox 0 0 1150 3550">
     <span class='ocr_line' id='line_1_38' title="bbox 0 0 1150 3550; baseline 0 0"><span class='ocrx_word' id='word_1_260' title='bbox 0 0 1150 3550; x_wconf 95' lang='lat' dir='ltr'> </span> 
     </span>
    </p>
   </div>
  </div>
 </body>
</html>
