2282 3550
172 157 313 222 ιιι-ιτα]
499 144 662 211 omnm<
923 161 970 214 ττι

172 233 263 314 θάμως
276 239 436 301 συντίθεται
449 239 603 317 προδοσίην
615 241 774 318 Τιμόξεινος
788 241 803 300 ὁ
819 245 873 301 τῶν
888 245 972 303 Σκιω·

171 324 254 385 ναίων
275 327 443 408 στρατηγός·
466 327 560 388 όντινα
577 331 629 403 μὲν
646 329 750 406 τρόπον
771 329 868 408 α’ρχῆν,
888 331 973 410 ἔγωγε

172 413 222 472 οὐκ
243 415 297 492 ἔχω
318 419 413 475 εἰπεῖν·
442 415 474 476 οὗ
494 415 549 496 γάρ
571 415 608 477 ὧν
627 419 749 498 λέγεται·
777 419 858 481 τέλος
877 419 973 494 μέντοι

172 501 265 561 τοιάδε
279 503 393 584 ἐγίνετο·
415 502 484 567 ὅκως
496 505 622 580 βυβλίον
635 497 751 584 γράψειε
769 504 787 582 ἢ
803 506 970 582 Τιμόξεινος,

173 591 277 651 ἐθέλων
303 591 381 668 παρά
406 589 583 668 Ἀρτάβαζον
609 593 727 669 πέμψαι,
754 591 773 668 ῆ
799 593 974 670 Ἀρτάβαζος

172 678 250 754 παρὰ
275 679 445 756 Τιμόξεινον,
470 679 638 755 τοξεύματος
662 680 738 756 παρά
761 681 811 743 τάς
833 682 974 762 γλυφίδας

173 767 388 842 περιειλίξαντες
402 767 447 826 καὶ
457 767 649 844 πτερώσαντες
658 767 691 827 τό
705 769 840 844 βυβλίον,
850 769 975 838 ε’τόξευον

175 861 202 917 ε’ς
215 857 397 936 συγκείμενον
416 856 527 935 χωρίον.
549 856 681 919 ἐπάϊστος
698 857 727 916 δὲ
744 857 848 938 ἐγίνετο
862 858 877 917 ό
891 857 975 934 Τιμό·

175 944 261 1012 ξεινος
287 943 432 1019 προδιδοιῖς
458 943 510 1020 τῆν
536 943 699 1004 Ποτίδαιαν·
733 944 852 1014 τοξεύων
876 945 931 1026 γάρ
958 943 975 1006 ό

174 1029 350 1108 Ἀρτάβαζος
364 1037 391 1094 ές
403 1031 436 1092 τό
450 1033 639 1114 συγκείμενον,
654 1031 785 1110 άμαρτών
804 1036 854 1092 τοῦ
872 1033 974 1112 χωρίου

174 1119 281 1194 τούτου,
304 1121 411 1197 βάλλει
433 1121 530 1200 ἀνδρός
546 1120 736 1197 Ποτιδαιήτεω
753 1120 803 1182 τόν
819 1120 903 1198 ὦμον·
926 1121 976 1182 τόν

175 1207 205 1266 δέ
218 1210 365 1285 βληθέντα
378 1209 543 1287 περιέδραμε
559 1207 666 1286 όμιλος,
681 1209 726 1268 ota
744 1210 836 1286 φιλέει
848 1211 976 1291 γίνεσθαι

174 1301 205 1356 έν
231 1297 356 1377 πολέμῳ·
380 1297 407 1358 αῖ
434 1297 533 1357 αὐτίκα
559 1297 592 1357 τό
618 1297 740 1374 τόξευμα
765 1299 913 1374 λαβόντες,
940 1298 976 1363 οῖς

176 1385 280 1461 ἔμαθον
300 1385 333 1446 τό
354 1388 488 1463 βυβλίον,
514 1387 613 1463 ἔφερον
637 1387 682 1445 ἐπὶ
705 1385 769 1450 τούς
792 1388 975 1469 στρατηγούς·

176 1477 268 1550 παρῆν
292 1474 321 1532 δὲ
345 1476 390 1533 καὶ
412 1480 467 1534 τοῖν
491 1473 587 1533 ἄλλων
609 1475 797 1551 Παλληναίων
818 1478 975 1555 συμμαχίη·

176 1565 252 1620 τοῖσι
266 1561 295 1620 δὲ
309 1567 495 1644 στρατηγοῖσι
509 1563 734 1639 ἐπιλεξαμένοισι
747 1563 780 1624 τό
791 1566 917 1642 βυβλίον
931 1566 977 1625 καὶ

177 1650 300 1724 μαθοῦσι
319 1651 369 1711 τόν
390 1653 477 1711 αἴτιον
498 1655 548 1727 τῆς
567 1651 726 1728 προδοσίης,
744 1653 819 1722 ἔδοξε
836 1653 877 1730 μῆ
895 1667 978 1712 καταὲ

177 1738 279 1807 πλέξαι
294 1738 457 1816 Τιμόξεινον
474 1739 622 1818 προδοσίῃ,
635 1744 686 1816 τῆς
705 1741 860 1804 Σκιωναίων
878 1740 977 1803 πόλιος

180 1825 275 1900 εἵνεκα,
294 1827 335 1904 μῆ
356 1829 514 1904 νομιζοίατο
535 1828 604 1888 εἶναι
620 1829 765 1891 Σκιωναῖοι
786 1834 812 1891 ἐς
832 1828 881 1887 τόν
900 1829 976 1904 μετέ-

178 1939 260 1974 πειτα
272 1915 374 1993 χρόνον
385 1916 438 1975 αἰεὶ
452 1916 595 1994 προδόται·
617 1915 633 1976 ό
646 1919 698 1992 μὲν
711 1916 744 1992 δῆ
758 1915 874 1994 τοιούτῳ
883 1915 977 1995 τρόπῳ

179 2001 311 2066 ε’πάῖστος
329 2004 462 2085 ἐγεγόνεε.
504 2004 670 2082 Ἀρταβάζῳ
686 2003 715 2062 δὲ
736 2002 829 2079 ε’πειδῆ
843 2009 957 2080 πολιορ-
968 2006 1024 2064 129

179 2091 269 2150 κέοντι
287 2091 454 2173 ἐγεγόνεσαν
471 2096 544 2171 τρεῖς
561 2097 652 2170 μῆνες,
669 2091 775 2171 γίνεται
793 2089 917 2168 ἄμπωτις
929 2095 979 2166 τῆς

180 2178 328 2255 θαλάσσης
347 2180 459 2261 μεγάλη
481 2183 527 2240 καὶ
548 2181 649 2260 χρόνον
670 2179 715 2238 ἐπὶ
735 2179 854 2239 πολλόν·
877 2180 979 2244 ἰδόντες

179 2267 208 2324 δὲ
222 2270 249 2326 οῖ
263 2267 409 2346 βάρβαροι
427 2270 542 2351 τέναγος
562 2269 718 2350 γενόμενον,
732 2268 875 2345 παρήϊσαν
888 2274 915 2332 ές
927 2268 979 2345 τῆν

183 2355 346 2433 Παλλήνην·
379 2357 415 2421 ιός
435 2357 464 2416 δὲ
484 2357 535 2420 τάς
548 2357 596 2416 δύο
616 2360 668 2433 μὲν
688 2358 787 2435 μοίρας
807 2356 979 2435 διοδοιπορή-

180 2469 273 2514 κεσαν,
288 2445 328 2505 έτι
348 2445 378 2504 δὲ
397 2451 471 2523 τρεῖς
490 2445 641 2506 ὑπόλοιποι
654 2445 737 2520 ἦσαν,
751 2444 802 2508 τάς
820 2444 979 2508 διελθόντας

179 2535 251 2609 χρῆν
270 2533 325 2592 ἔσω
341 2533 411 2592 εἶναι
431 2538 460 2594 έν
476 2537 512 2612 τῆ
530 2533 679 2612 Παλλήνη,
694 2534 800 2608 ἐπῆλθε
818 2533 980 2609 πλημμυρὶς

179 2624 228 2695 τῆς
249 2620 399 2696 θαλάσσης
419 2622 538 2703 μεγάλη,
554 2621 609 2696 ὅση
631 2620 740 2698 οὐδαμά
761 2647 806 2690 κω,
822 2619 857 2681 ιός
877 2622 903 2678 οἳ
923 2625 978 2677 ε’πι-

178 2707 275 2786 χιόριοι
289 2709 414 2789 λέγουσι,
430 2710 569 2773 πολλάκις
581 2711 722 2792 γινομένη.
760 2710 786 2766 οἱ
799 2709 850 2782 μὲν
864 2707 898 2782 δῆ
911 2708 981 2766 νέειν

179 2794 269 2855 αότῶν
280 2795 329 2855 οὐκ
341 2798 521 2875 ἐπιστάμενοι
532 2799 732 2875 διεφθείροντο·
753 2795 817 2858 τους
827 2795 857 2854 δέ
868 2799 980 2854 ἐπιστα-

179 2884 278 2960 μένους
291 2889 318 2944 οῖ
337 2887 521 2962 Ποτιδαιῆται
538 2886 746 2947 ἐπιπλώσαντες
763 2882 892 2942 πλοίοισι
907 2881 980 2942 άπά-

179 2975 279 3032 λεσαν.
321 2974 408 3033 αἴτιον
429 2975 458 3033 δὲ
479 2976 596 3054 λέγουσι
624 2978 650 3033 οἱ
678 2972 862 3048 Ποτιδαιῆται
881 2975 931 3046 τῆς
950 2995 981 3030 τε

180 3060 278 3139 ῥηχίης
294 3061 340 3120 καὶ
354 3066 405 3137 τῆς
425 3063 620 3140 πλημμυρίδος
641 3061 687 3122 καὶ
706 3065 756 3120 τοῦ
774 3063 916 3137 Περσικοῦ
930 3059 980 3118 πά·
1051 3063 1053 3066 ’

181 3149 243 3210 θεος
256 3149 388 3229 γενέσθαι
399 3149 473 3219 τόδε,
487 3149 531 3209 ότι
544 3153 594 3209 τοῦ
609 3148 799 3210 Ποσειδέωνος
813 3154 840 3209 ἐς
852 3145 902 3205 τόν
915 3144 982 3221 νηόν

182 3236 227 3294 καὶ
240 3236 272 3295 τό
286 3235 403 3317 α’γαλμα
416 3237 449 3296 τό
463 3242 492 3296 έν
510 3240 549 3314 τῷ
565 3236 723 3313 προαστείῳ
739 3234 891 3310 ἠσέβησαν
905 3229 981 3290 οὗτοι

181 3327 235 3383 τῶν
270 3325 403 3400 Περσέων
431 3325 528 3398 τοίπερ
561 3324 607 3382 καὶ
633 3321 826 3397 διεφθάρησαν
851 3319 906 3378 όπὸ
932 3323 982 3392 τῆς
