2250 3552
176 147 223 194 290
479 143 660 194 'HPOAO'POT
908 143 970 208 [lx.

176 227 414 303 τοπεδανομένους,
428 227 601 303 φρασθέντες
621 225 651 285 δὲ
667 228 752 290 τοῦτο
765 226 972 286 ἀντετάσσοντο

129 317 167 374 20
177 317 221 374 ἐπὶ
238 319 289 391 τῆς
302 313 436 392 Ιύπωρείης
459 318 509 373 τοῦ
533 316 714 391 Κιθαιρῶνος.
755 312 914 390 Μαρδόνιος
933 313 971 384 δὲ,

176 402 211 467 ὥς
225 403 257 463 ού
267 403 434 479 κατέβαινον
443 401 617 479 οἱἙλληνες
630 407 657 478 ξς
670 401 704 461 τό
713 402 816 474 πεδίον,
828 402 932 479 πέμπει
945 407 972 465 ἐς

176 491 274 556 αύτούς
292 497 389 552 πᾶσαν
406 493 458 569 την
478 493 571 562 ἵππον,
584 496 635 568 τῆς
651 491 788 570 ἱππάρχεε
801 491 971 561 Μασίστιος,

176 580 339 658 εὐδοκιμέων
352 581 429 658 παρά
439 581 579 661 Πέρσησι,
591 580 800 662 (τδνἜιλληνες
813 580 973 641 Μακίστιον

176 670 330 752 καλέουσα)
352 671 439 729 ἵππον
458 672 528 748 ἔχων
554 673 686 739 Νισαῖον,
709 667 920 748 χρυσοχάλινόν
941 695 973 728 τε

131 763 136 802 :
177 759 223 817 καὶ
241 758 335 822 άλλως
353 760 562 836 κεκοσμημένον
581 762 682 822 καλῶς·
703 758 820 817 ἐνθαῦτα
833 756 869 820 οἷς
885 784 971 834 προσ-

175 846 289 922 ήλασαν
304 851 331 907 οἱ
349 845 465 906 ἱππόται
481 846 551 924 πρδς
567 846 792 922 τούςἜλληνας,
808 847 972 923 προσέβαλ-

176 933 228 994 λον
244 936 314 995 κατά
334 936 426 994 τέλεα·
454 935 690 1012 προσβάλλοντες
710 934 740 994 δέ
764 932 835 993 κακά
861 934 974 1015 μεγάλα

128 1025 164 1081 21
176 1023 332 1104 ἐργάζοντο,
354 1024 400 1082 καὶ
419 1023 550 1104 γυναῖκάς
570 1029 662 1099 σφεας
685 1021 847 1082 ἀπεκάλεον.
891 1022 974 1083 Κατά

176 1113 327 1191 συντυχίην
343 1113 373 1172 δὲ
390 1114 534 1192 Μεγαρέες
553 1113 650 1190 ἔτυχον
668 1113 817 1190 ταχθέντες
833 1107 853 1190 ᾗ
869 1110 902 1171 τό
916 1115 974 1171 ἐπι-

173 1200 340 1279 μαχιύτατον
359 1199 394 1276 ἦν
419 1204 469 1259 τοῦ
494 1203 597 1279 χωρίου
622 1199 734 1262 παντός·
763 1199 811 1258 καὶ
834 1199 974 1275 πρόσοδος

174 1287 302 1364 μάλιστα
318 1288 404 1368 ταύτῃ
424 1288 529 1370 ἐγίνετο
541 1293 577 1366 τῇ
592 1289 675 1367 ἵππῳ·
697 1287 924 1365 προσβαλούσης
937 1287 975 1348 ὧν

174 1379 225 1451 τῆς
239 1377 333 1447 ἵππου,
347 1380 374 1437 οἶ
387 1377 531 1457 Μεγαρέες
543 1376 701 1453 πιεζόμενοι
714 1377 837 1451 ἔπεμπον
851 1376 897 1434 ἐπὶ
909 1377 976 1440 τούς

175 1465 351 1545 στρατηγούς
365 1469 421 1524 τῶν
437 1465 581 1540 Ἑλλήνων
598 1463 711 1542 κήρυκα·
733 1463 899 1541 α’πικόμενος
915 1465 975 1525 δέά

178 1551 265 1627 κήρυξ
276 1553 346 1627 πρός
364 1551 463 1615 αύτούς
476 1554 555 1634 ἔλεγε
568 1553 643 1614 τάδε·
664 1563 682 1589 “
690 1553 833 1633 Μεγαρέες
846 1553 974 1634 λέγουσι·

175 1639 262 1715 ἡμεῖς,
277 1638 372 1718 ἄνδρες
392 1641 547 1720 σύμμαχοι,
563 1641 595 1702 ού
616 1642 729 1701 δυνατοί
747 1646 821 1718 εἰμεν
833 1640 885 1717 την
901 1646 975 1718 Περ-

175 1729 247 1788 σέων
266 1730 351 1790 ἵππον
367 1730 496 1791 δέκεσθαι
514 1735 620 1808 μοῦνοι,
635 1732 744 1810 ἔχοντες
757 1729 860 1790 στάσιν
872 1729 976 1806 ταύτην

176 1822 204 1880 ἐς
220 1818 271 1894 τῆν
290 1819 410 1895 ἔστημεν
428 1817 526 1897 α’ρχήν·
548 1818 625 1878 άλλά
639 1820 684 1878 καὶ
698 1825 726 1882 ἐς
737 1819 801 1880 τόδε
813 1819 931 1898 λιπαρίῃ
944 1845 976 1877 τε

176 1907 222 1964 καὶ
240 1906 327 1986 α’ρετῇ
345 1907 505 1986 άντέχαμεν,
520 1909 618 1983 καίπερ
632 1907 813 1983 πιεζεύμενοι·
834 1909 883 1966 νῦν
895 1931 935 1979 τε,
951 1911 977 1966 εί

176 1994 216 2070 μή
228 2021 304 2058 τινας
317 1994 422 2058 ἄλλους
435 1995 559 2073 πέμψετε
572 1995 717 2074 διαδόχους
729 1999 779 2071 τῆς
792 1994 893 2064 τάξιος,
912 1995 976 2054 ἴστε

173 2082 263 2158 η’μέας
279 2085 457 2162 ἐκλείψοντας
474 2084 525 2159 τήν
540 2083 644 2154 τάξιν.”
665 2084 681 2144 ὁ
697 2087 749 2162 μὲν
766 2082 801 2158 δή
818 2089 874 2159 σφι
886 2087 975 2143 ταῦτα

176 2169 340 2253 ἀπήγγειλε·
361 2173 525 2248 Παυσανίης
538 2173 567 2230 δὲ
580 2171 750 2250 ἀπεπειρᾶτο
758 2171 975 2247 τῶνἙλλήνων,

179 2260 205 2318 εί
223 2287 294 2323 τινες
315 2261 436 2320 ἐθέλοιεν
457 2259 542 2319 ἄλλοι
564 2261 707 2321 ἐθελονταὶ
728 2261 796 2320 ἰέναι
821 2285 852 2318 τε
876 2264 903 2322 ἐς
925 2259 976 2320 τόν

178 2352 270 2427 χεῖρον
285 2351 393 2417 τοῦτον,
413 2351 459 2407 καὶ
476 2348 637 2410 τάσσεσθαι
655 2348 780 2428 διάδοχοι
800 2351 975 2428 Μεγαρεῦσι·

177 2435 209 2494 ού
221 2435 404 2512 βουλομένων
417 2435 447 2494 δὲ
459 2439 514 2496 τῶν
527 2435 630 2506 ἄλλων,
643 2436 787 2512 Ἀθηναῖοι
800 2435 975 2507 ὑπεδέξαντο,

177 2525 222 2583 καὶ
240 2523 392 2600 Ἀθηναίων
411 2526 439 2583 οἷ
455 2524 611 2601 τριηκόσιοι
628 2524 747 2606 λογάδες
765 2529 820 2584 τῶν
840 2523 976 2604 ἐλοχήγεε

131 2612 405 2689 22Ὀλυμπιόδωρος
431 2611 447 2672 ό
473 2613 638 2690 Λάμπωνος.
681 2611 768 2672 Οὗτοι
793 2611 867 2688 ἦσαν
891 2612 921 2670 οἶ
944 2638 976 2671 τε

176 2699 381 2778 ύποδεξάμενοι,
400 2701 446 2758 καὶ
459 2703 486 2759 οἶ
499 2701 554 2777 πρά
569 2705 624 2760 τῶν
637 2700 733 2761 ἄλλων
745 2705 800 2761 τῶν
818 2697 976 2776 παρεόντων

176 2787 320 2865 Ἑλλήνων
334 2793 360 2851 ἐς
369 2787 507 2866 Ἐρυθράς
519 2789 675 2868 ταχθέντες,
688 2788 752 2852 τούς
762 2786 877 2858 τοξότας
886 2813 976 2864 προσ-

177 2876 315 2953 ελόμενοι·
341 2878 507 2956 μαχομένων
528 2877 558 2936 δέ
577 2882 674 2951 σφεων
695 2879 740 2936 ἐπὶ
761 2876 871 2955 χρόνον,
894 2875 978 2939 τέλος

176 2964 283 3024 τοιόνδε
309 2965 418 3046 ἐγένετο
444 2969 495 3040 τῆς
520 2962 623 3043 μάχης·
653 2964 900 3041 προσβαλλούσης
926 2968 978 3040 τῆς

171 3051 264 3109 7ἵππου
278 3050 348 3110 κατά
358 3052 448 3123 τέλεα,
465 3051 481 3109 ό
496 3051 660 3111 Μασιστίου
673 3053 800 3130 προέχων
813 3056 867 3112 τῶν
880 3051 977 3113 ἄλλων

178 3135 262 3197 ἵππος
278 3137 421 3211 βάλλεται
438 3137 588 3214 τοξεύματι
602 3138 639 3197 τά
655 3139 773 3216 πλευρά·
794 3138 925 3219 άλγῆσας
938 3140 978 3211 δέ,

178 3221 292 3280 ἵσταταί
313 3248 344 3281 τε
367 3223 450 3298 ὀρθός
473 3225 519 3282 καὶ
541 3225 703 3286 άποσείεται
725 3227 776 3287 τόν
802 3229 978 3289 Μασίστιον·

178 3305 295 3364 πεσόντι
310 3307 340 3364 δὲ
360 3309 433 3384 αύτῷ
452 3313 478 3368 οἱ
496 3310 639 3384 Ἀθηναῖοι
652 3312 750 3371 αὐτίκα
764 3315 905 3373 ἐπεκέατο·
928 3316 979 3376 τόν
