2282 3550
160 158 304 224 234-236]
478 159 662 209 ΠΟΛΤΜΝῙᾸ.
916 157 961 208 217

159 263 223 314 μαι·
252 235 311 295 οθτι
330 235 380 296 τόν
400 237 453 296 σόν
474 237 580 298 στόλον
606 238 746 314 προειδὼς,
771 237 849 298 άλλά
871 235 963 295 πάντα

160 323 264 402 ὁμοίως
281 323 457 401 φοβεόμενος
477 323 583 402 ἀνδρῶν
604 325 719 386 στόλον·
748 329 777 384 έκ
801 324 902 400 ταύτης
926 323 962 384 ὧν

159 417 212 488 τῆς
235 412 324 488 νήσου
347 412 525 490 όρμειόμενοι,
553 413 717 490 φοβεόντων
746 413 811 476 τούς
831 413 963 472 Λακεδαι-

160 501 283 576 μονίους·
311 501 446 578 παροίκου
466 501 496 560 δὲ
516 503 644 578 πολέμου
664 507 720 577 σφι
741 501 832 564 ἐόντος
850 501 963 576 οἰκηίου,

160 587 241 648 οὐδὲν
265 589 348 648 δεινοὶ
370 590 484 648 ἔσονταί
504 617 557 658 τοι,
579 589 619 666 μή
640 593 690 666 τῆς
713 588 803 665 άλλης
825 589 965 652 Ἑλλάδος

161 675 351 752 ἁλισκομένης
365 676 420 736 ὑπό
435 681 486 736 τοῦ
502 680 587 750 πεζοῦ
605 679 749 754 βοηθέωσι
765 677 860 756 ταύτῃ·
882 703 964 736 κατα-

161 763 349 840 δουλωθείσης
370 765 399 823 δὲ
420 769 471 841 τῆς
491 765 582 842 άλλης
604 765 751 836 Ἑλλάδος,
773 765 888 828 α’σθενὲς
910 765 964 840 ἤδη

162 851 196 911 τό
219 852 380 912 Λακωνικόν
400 857 504 929 μοῦνον
525 855 660 914 λείπεται.
701 853 736 929 ἢν
758 854 787 912 δὲ
810 858 897 913 ταῦτα
924 853 964 928 μή

161 943 252 1018 ποιῇς,
266 939 333 1000 τάδε
348 966 393 1000 τοι
408 941 554 1018 προσδόκα
573 943 699 1003 ἔσεσθαι·
727 944 787 1001 ἔστι
806 947 856 1017 τῆς
872 945 964 1000 Πελο-

161 1027 306 1103 ποννήσου
321 1029 422 1105 ἰσθμός
431 1029 549 1093 στεινός·
570 1035 599 1090 ἔν
610 1029 699 1109 τούτῳ
711 1033 749 1108 τῷ
762 1029 842 1109 χοίρῳ
855 1028 964 1088 πάντων

163 1118 400 1192 Πελοποννησίων
419 1118 637 1196 συνομοσάντων
651 1120 696 1177 ε’πὶ
710 1119 765 1187 σοὶ,
779 1117 873 1196 μάχας
887 1121 964 1196 ἶσχο-

162 1206 277 1281 ροτέρας
287 1204 378 1269 ἄλλας
387 1211 442 1265 τῶν
452 1207 605 1287 γενομένων
619 1207 774 1281 προσδέκεο
785 1206 904 1266 ἔσεσθαί
910 1232 964 1264 τοι·

164 1296 251 1352 έκεῖνο
271 1293 302 1352 δὲ
318 1293 471 1369 ποιήσαντι
490 1293 613 1373 άμαχητὶ
630 1294 646 1353 ὅ
662 1321 692 1353 τε
710 1294 811 1371 ἰσθμός
825 1292 904 1356 οὗτος
917 1295 963 1352 καὶ

161 1383 191 1438 αἶ
217 1381 303 1444 πόλις
330 1382 596 1460 προσχωρήσουσι.”
645 1384 729 1464 Λέγει
749 1382 820 1459 μετά
846 1383 1011 1442 τοῦτον236

161 1466 340 1546 Ἀχαιμένης,
352 1469 490 1546 άδελφεός
500 1497 530 1529 τε
542 1470 592 1529 ε’ὠν
602 1470 710 1547 Ξέρξεω
721 1472 766 1530 καὶ
775 1475 826 1531 τοῦ
836 1475 965 1532 ναυτικοῦ

162 1560 288 1634 στρατοῦ
316 1557 483 1639 στρατηγός,
507 1559 730 1637 παρατυχόντι
751 1563 789 1638 τῷ
812 1558 897 1640 λόγῳ,
920 1559 966 1616 καὶ

163 1643 257 1708 δείσας
284 1645 325 1722 μή
352 1644 519 1726 ἀναγνωσθῇ
545 1647 651 1724 Ξέρξης
673 1648 776 1706 ποιέειν
796 1651 893 1707 ταῦτα·
925 1645 965 1704 “ὧ

162 1733 298 1806 βασιλεῦ,
326 1733 396 1810 ὁρέω
423 1760 458 1792 σε
481 1733 580 1812 α’νδρός
607 1735 783 1812 ἐνδεκόμενον
810 1735 912 1816 λόγους
935 1732 966 1796 ὃς

164 1820 278 1894 φθονέει
291 1847 336 1880 τοι
350 1821 380 1880 εὖ
393 1821 563 1898 πρήσσοντι,
576 1821 594 1898 ἦ
609 1824 654 1880 καὶ
670 1823 798 1899 προδιδοῖ
814 1821 966 1902 πρήγματα

161 1908 198 1966 τά
208 1909 258 1967 σά·
273 1909 384 1990 καὶγὰρ
398 1909 432 1985 δή
447 1911 493 1968 καὶ
505 1909 636 1987 τρόποισι
649 1910 802 1970 τοιούτοισι
814 1909 965 1989 χρεώμενοι

162 1999 190 2054 οἳ
205 1995 347 2072 Ἕλληνες
368 1999 509 2076 χαίρουσι·
538 2002 588 2059 τοῦ
608 2024 639 2057 τε
658 1998 795 2077 εὐτυχέειν
813 2000 966 2075 φθονέουσι

163 2085 210 2142 καὶ
235 2085 269 2144 τό
296 2086 419 2162 κρέσσον
441 2087 602 2168 στυγέουσι.
645 2091 668 2145 εἰ
691 2087 713 2145 δ’
736 2088 781 2146 ε’πὶ
802 2091 871 2166 τῇσι
891 2113 973 2165 παρε-

164 2173 270 2252 ούσῃσι
289 2173 402 2252 τύχῃσι,
416 2179 471 2234 τῶν
485 2175 543 2237 νέες
556 2173 760 2255 νεναυηγήκασι
778 2174 965 2252 τετρακόσιαι,

163 2258 256 2324 άλλας
278 2266 308 2320 ἐκ
328 2265 378 2321 τοῦ
402 2263 593 2339 στρατοπέδου
611 2264 773 2339 τριηκοσίας
791 2263 966 2343 ἀποπέμψεις

163 2348 332 2426 περιπλώειν
353 2350 583 2426 Πελοπόννησον,
607 2349 760 2430 άξιόμαχοί
777 2379 820 2412 τοι
842 2354 966 2434 γίνονται

164 2440 190 2496 οἶ
204 2438 364 2496 α’ντίπαλοι·
386 2436 458 2513 άλής
471 2439 501 2497 δὲ
517 2437 568 2498 ε’ὠν
585 2437 601 2497 ό
620 2439 746 2502 ναυτικάς
764 2441 885 2518 στρατός
901 2442 965 2500 δυσ-

166 2524 377 2603 μεταχείριστός
399 2551 430 2585 τε
452 2525 563 2585 αὐτοῖσι
589 2527 703 2607 γίνεται,
729 2528 774 2586 καὶ
800 2527 890 2606 ἀρχὴν
916 2529 966 2588 οὔκ

164 2611 318 2692 άξιόμαχοί
332 2639 376 2672 τοι
394 2614 515 2674 ἔσονται·
538 2615 584 2672 καὶ
601 2618 656 2677 πᾶς
670 2613 685 2674 ό
699 2616 825 2678 ναυτικάς
839 2620 877 2692 τῷ
893 2618 966 2694 πεζῷ

163 2699 261 2776 ἀρήξει
274 2701 320 2759 καὶ
334 2699 350 2760 ὁ
364 2700 447 2772 πεζός
459 2706 497 2780 τῷ
510 2706 635 2780 ναυτικῷ,
650 2702 721 2778 ὁμοῦ
735 2701 927 2779 πορευόμενος·
942 2708 966 2762 εἰ

164 2787 194 2846 δὲ
213 2788 390 2858 διασπάσεις,
405 2788 468 2848 οὔτε
481 2790 518 2850 σι)
533 2791 610 2849 ἔσεαι
624 2792 739 2850 κείνοισι
748 2789 889 2869 χρήσιμος
903 2789 966 2850 οὔτε

163 2881 250 2938 κεῖνοι
264 2877 322 2936 σοί.
363 2877 399 2937 τά
413 2883 536 2938 σεωυτοῦ
550 2878 579 2936 δὲ
592 2879 734 2954 τιθέμενος
744 2877 782 2947 εὖ,
793 2877 906 2958 γνιόμην
919 2879 965 2958 ἔχε

164 2964 198 3022 ’τά
211 2968 267 3025 τῶν
280 2963 474 3042 ἀντιπολέμων
491 2965 531 3044 μή
552 2966 733 3046 ἐπιλέγεσθαι
751 2965 911 3046 πρήγματα,
930 2971 966 3046 τῇ

164 3077 195 3111 τε
208 3052 365 3128 στήσονται
378 3053 428 3113 τόν
441 3054 575 3130 πόλεμον,
589 3053 625 3112 τά
638 3079 669 3112 τε
682 3054 844 3128 ποιήσουσι,
859 3053 923 3114 ὅσοι
935 3081 966 3114 τε

164 3140 275 3216 πλῆθός
290 3145 353 3200 εἰσι·
376 3143 464 3202 ἱκανοὶ
475 3143 528 3219 γάρ
544 3143 644 3200 ἐκεῖνοί
654 3167 687 3222 γε
697 3141 775 3200 αὐτοὶ
786 3145 890 3200 ἑωυτῶν
903 3145 967 3218 πέρι

165 3230 322 3299 φοοντίζειν
337 3230 400 3298 εἶσὶ,
414 3228 494 3305 ἡμεῖς
508 3229 537 3286 δὲ
548 3228 638 3300 ἡμέων
653 3227 791 3289 οἶσαύτως.
833 3229 966 3286 Λακεδαι-

163 3318 258 3392 μόνιοι
275 3315 306 3375 δὲ
321 3314 356 3392 ἢν
373 3317 438 3374 ἴωσι
454 3315 534 3374 άντία
554 3314 685 3387 Πέρσῃσι
699 3317 726 3373 ές
739 3312 840 3389 μάχην,
856 3312 918 3372 οὐδὲ
937 3314 966 3372 ἓν
