2258 3568
187 135 222 200 ιοΙ
498 135 678 185 Ἤτοιοτοτ
938 134 983 200 [ν.

186 219 281 278 ναῖκας
299 217 369 295 ἐχων
384 215 433 275 δύο
449 215 526 284 διξάς
544 215 635 278 ἱστίας
651 215 730 285 οἴκεε,
745 215 845 275 ποιέων
861 214 987 293 οῦδαμῶς

139 305 173 362 41
187 302 385 380 Σπαρτιητικά.
424 303 533 380 Χρόνου
554 302 584 361 δέ
604 301 637 362 οῦ
655 306 767 362 πολλοῦ
786 303 986 382 διελθόντος,ἤ

186 389 338 468 ἐσύστερον
355 391 517 450 ἐπελθοῦσα
529 390 599 472 γυνη
612 391 697 450 τίκτει
709 391 759 451 τᾶν
773 390 807 466 δή
822 393 987 469 Κλεομένεα

185 481 293 538 τοῦτον·
320 479 366 536 καὶ
382 477 452 554 αῦτη
468 505 499 538 τε
515 479 632 556 ἔφεδρον
647 480 774 554 βασιλέα
792 479 982 559 Σπαρτιήτῃσι

185 565 331 641 ἀπέφαινε,
351 568 397 625 καί
413 565 431 641 ἦ
447 567 570 643 προτέρη
588 566 657 647 γυνή
671 566 720 626 τδν
733 566 870 644 πρότερον
882 568 985 646 χρόνον

184 651 283 717 ἄτοκος
310 658 396 714 ἐοῦσα
423 655 486 714 τότε
514 659 567 717 κῶς
597 654 706 730 ἐκύησε,
735 657 870 734 συντυχίη
896 656 984 736 ταύτῃ

183 743 358 820 χρησαμένη.
380 744 501 822 ἔχουσαν
523 743 552 802 δὲ
573 742 659 818 αὐτήν
679 742 781 818 ἀληθέῖ
796 742 873 824 λόγῳ
892 747 919 804 οἰ
934 750 984 821 τῆς

184 829 359 906 ἐπελθούσης
374 830 503 910 γυναικὸς
518 829 618 906 οἰκήῖοι
636 831 787 908 πυθόμενοι
801 830 915 910 ὤχλεον,
930 833 984 908 φά·

182 942 261 994 μενοι
274 917 360 994 αι’κιήν
374 919 504 994 κομπέειν
517 917 612 981 ἄλλως
624 919 802 996 βουλομένην
819 903 984 997 ῦτέοβαλέσυ

183 1005 240 1064 θαι·
261 1006 335 1067 δεινά
354 1006 384 1065 δέ
402 1005 550 1066 ποιεύντων
569 1005 665 1080 αῦτιῦν,
680 1011 730 1066 τοῦ
745 1007 848 1086 χρόνου
862 1009 978 1086 συντάμ·

184 1119 287 1165 νοντος,
298 1094 343 1154 ὕπ’
355 1093 487 1170 ἀπιστίης
500 1097 526 1154 οἰ
540 1095 638 1171 ἔφοροι
648 1095 797 1154 τίκτουσαν
806 1096 857 1171 τήν
867 1101 983 1177 γυναῖκα

183 1183 368 1260 περιῖζόμενοι
387 1182 539 1257 ἐφύλαξαν·
560 1182 579 1257 ἦ
596 1183 625 1240 δὲ
639 1181 675 1245 οἷς
688 1184 761 1242 ἔτεκε
778 1185 887 1261 Δωριέα
907 1187 984 1250 ἰθέως

184 1270 259 1348 ἴσχει
273 1271 420 1346 Λεωνίδην,
436 1271 481 1328 καὶ
494 1270 565 1346 μετά
578 1274 678 1330 τοῦτον
692 1272 769 1334 ἰθέως
782 1273 857 1350 ἴσχει
872 1273 983 1350 Κλεόμ-

182 1359 297 1433 βροτον·
326 1362 353 1418 οἱ
374 1358 403 1417 δὲ
422 1359 468 1416 καὶ
489 1358 618 1434 διδύμους
637 1360 756 1439 λέγουσι
777 1361 983 1438 Κλεόμβροτόν

182 1470 214 1504 τε
232 1447 278 1504 καὶ
293 1446 433 1521 Λεωνίδην
446 1447 587 1527 γενέσθαι·
608 1445 627 1521 ἡ
641 1446 671 1504 δέ
685 1448 847 1523 Κλεομένεα
863 1453 985 1509 τεκοῦσα

185 1533 231 1590 καί
250 1533 283 1592 τῦ
304 1533 430 1610 δεύτερον
453 1534 613 1593 ἐπελθοῦσα
639 1533 718 1614 γυνή,
746 1540 832 1594 ἐοῦσα
860 1537 984 1617 θυγάτηρ

183 1621 361 1697 Πρινητάδεω
381 1626 431 1682 τοῦ
446 1623 640 1698 Δημαρμένου,
655 1621 747 1682 ου’κέτι
767 1625 855 1707 ἔτικτε
872 1625 905 1685 τὰ
926 1625 983 1686 δεύ-

183 1735 272 1785 τερον.

134 1799 172 1855 42
223 1795 256 1856 ‘0
275 1799 327 1874 μέν
345 1798 379 1874 δή
395 1798 566 1875 Κλεομένης,
581 1799 616 1862 (ῦς
629 1800 750 1880 λέγεται,
766 1798 800 1875 ἦν
813 1799 887 1860 τεοῦ
901 1807 983 1878 φρεν-

181 1883 250 1960 ήρης
278 1884 435 1963 ἀκρομανής
455 1913 494 1955 τε,
516 1885 531 1945 ὁ
553 1887 582 1945 δέ
603 1887 724 1964 Δωριεῦς
746 1886 781 1962 ἦν
807 1891 862 1948 τῶν
879 1888 984 1964 ἡλίκων

181 1972 292 2032 πάντων
311 1979 429 2050 πρῶτος·
458 1973 487 2033 εῦ
507 2000 539 2033 τε
560 1977 694 2035 ἐπίστατο
717 1975 774 2034 κατ’
796 1975 984 2057 ἀνδραγαθίην

182 2061 266 2126 αῦτδς
286 2062 404 2140 σχήσων
424 2062 476 2137 τήν
495 2063 663 2138 βασιληίην·
684 2062 757 2122 ὥστε
774 2062 811 2123 ὧν
829 2062 900 2123 οὕτω
915 2071 983 2142 φρο-

183 2150 257 2218 νέων,
272 2151 366 2226 ἐπειδή
381 2150 396 2210 ὅ
409 2176 440 2209 τε
453 2150 665 2227 Ἀναξανδρίδης
683 2149 804 2210 ἀπέθανε
823 2151 869 2209 καὶ
887 2155 913 2210 οἰ
927 2159 983 2211 Λα-

182 2237 349 2314 κεδαιμόνιοι
367 2237 518 2316 χρεώμενοι
536 2241 574 2316 τῷ
592 2237 667 2316 νόμῳ
685 2238 843 2314 ἐστήσαντο
856 2241 984 2314 βασιλέα

180 2324 230 2384 τάν
251 2326 449 2402 πρεσβύτατον
474 2328 644 2402 Κλεομένεα,
666 2325 682 2386 ὁ
704 2325 825 2402 Δωριεύς
846 2327 934 2388 δεινόν
953 2355 984 2388 τε

181 2413 343 2490 ποιεύμενος
357 2415 402 2472 καὶ
416 2413 465 2472 οῦκ
479 2413 563 2483 ἀξιῶν
580 2413 635 2474 ῦπδ
655 2415 830 2489 Κλεομένεος
847 2415 984 2489 βασιλεύ-

182 2503 272 2570 εσθαι,
294 2501 412 2576 αἰτήσας
432 2500 503 2562 λαδν
527 2503 704 2578 Σπαρτιήτας
724 2500 775 2582 ἀγε
797 2507 824 2564 ἐς
845 2501 983 2581 ἀποικίην,

182 2587 245 2649 οῦτε
271 2593 309 2668 τῷ
336 2595 365 2649 ἐν
394 2594 539 2665 Δελφοῖσι
564 2590 726 2669 χρηστηρίῳ
752 2589 931 2668 χρησάμενος
958 2597 984 2655 ἐς

181 2675 278 2753 ἥντινα
305 2681 360 2759 γῆν
387 2679 490 2736 κτίσων
517 2679 553 2756 ἴῃ,
583 2677 645 2738 οῦτε
674 2677 796 2752 ποιήσας
826 2677 905 2737 οῦδὲν
930 2683 985 2739 τῶν

182 2765 376 2843 νομιζομένων,
399 2765 444 2824 οἶα
468 2765 497 2824 δὲ
519 2767 629 2843 βαρέως
657 2769 749 2841 φέρων
776 2765 852 2824 ἀπίει
879 2771 908 2828 ἐς
933 2767 985 2843 τήν

181 2853 293 2930 Λιβύην
310 2853 346 2913 τά
360 2857 456 2913 πλοῖα·
479 2855 647 2934 κατηγέοντο
662 2852 693 2912 δέ
706 2857 732 2911 οἱ
748 2852 844 2931 ἀνδρες
856 2858 983 2932 Θηραῖοι.

183 2940 349 3018 ἀπικόμενος
369 2941 392 3000 δ’
414 2946 440 3004 ἐς
462 2942 581 3010 Κίνυπα,
603 2942 693 3000 οἴκισε
713 2945 806 3018 χῶρον
828 2939 985 3005 κάλλιστον

181 3033 236 3088 τῶν
254 3029 367 3105 Λιβύων
385 3029 461 3107 παριί
479 3028 617 3106 ποταμόν·
640 3030 802 3098 ἐξελασθεὶς
815 3029 844 3088 δὲ
860 3030 985 3092 ἐνθεῦτεν

182 3117 265 3194 τρίτῳ
285 3119 338 3176 ἐτεῖ
357 3117 412 3178 ῦπὸ
433 3119 552 3176 Μακέων
569 3143 600 3176 τε
619 3118 664 3176 καὶ
681 3118 795 3193 Λιβύων
809 3119 854 3176 καί
869 3122 983 3198 Καρχη-

135 3208 173 3265 43
184 3205 288 3275 δονίων,
302 3205 416 3266 ἀπίκετο
435 3212 462 3269 ἐς
482 3205 712 3282 Πελοπόννησον.
754 3204 891 3266 Ένθαῦτα
910 3207 941 3266 δέ
958 3211 985 3268 οἰ

184 3291 356 3372 Ἀντιχάρης,
377 3294 447 3371 ἀνὴρ
473 3292 619 3358 Ἐλεώνιος
646 3293 855 3371 συνεβούλευσε
879 3297 909 3352 ἐκ
929 3299 984 3356 τῶν
