2258 3568
141 157 283 222 ιιι-ιω]
445 137 647 206 τινυιιιοιυι.
911 151 942 200 ιι

137 239 296 316 ρύσσοντις
321 237 355 298 τά
380 242 472 316 τεῖχος
492 238 609 316 πέμπτῳ
629 235 697 312 μηνὶ
720 233 797 294 εἶλον
823 233 851 292 οἱ
877 232 951 310 Πέρ-

138 345 203 380 σαι.

183 405 307 484 Κύπριοι
327 409 379 483 μὲν
401 407 443 482 δὴ,
466 405 590 464 ἐνιαυτόν
612 404 752 480 ἐλεύθεροι
769 401 988 483 γενόμενοι116

140 495 220 559 αι’ντις
241 501 270 554 ἐκ
289 496 351 571 νέης
369 493 613 553 κατεδεδούλωντο.
656 492 800 569 Δαυρίσης
821 491 850 550 δέ
872 491 941 569 ἔχων

90 653 98 670 ·
141 584 265 660 Δαρείου
285 583 431 664 θυγατέρα,
453 582 498 640 καὶ
518 580 620 657 ’Υμέης
641 607 672 640 τε
691 580 737 638 καὶ
757 578 876 654 Ὀτάνης
895 579 941 636 καὶ

140 671 230 731 ἄλλοι
244 672 355 748 Πέρσαι
371 669 525 750 στρατηγοὶ
544 669 652 748 ἔχοντες
668 669 714 728 καὶ
728 667 805 728 οὗτοι
822 669 941 744 Δαρείου

140 761 304 840 θυγατέρας,
316 757 506 828 ἐπιδιώξαντες
518 757 582 820 τούς
595 762 624 817 ἐν
637 754 755 834 Σάρδισι
769 781 941 834 στρατευσα-

138 849 242 925 μένους
258 845 363 917 Ἰώνων,
383 847 428 905 καὶ
450 844 634 922 ἐσαράξαντές
651 851 743 922 σφεας
765 851 793 908 ἐς
812 844 861 908 τάς
879 845 942 908 νέας

139 941 178 1015 τῇ
196 936 276 1016 μάχη
289 935 325 999 ώς
338 933 539 1013 ἐπεκράτησαν,
552 934 585 994 τά
600 935 724 994 ἐνθεῦτεν
740 933 941 1010 ἐπιδιελόμενοι

140 1025 192 1090 τάς
212 1025 296 1088 πόλις
320 1025 462 1102 ἐπόρθεον.
507 1024 650 1100 Δαυρίσης
675 1025 727 1100 μὲν
749 1021 987 1100 τραπόμενοςΠῚ

141 1113 272 1192 πράςτάς
285 1119 314 1173 ἐν
327 1111 532 1192 Ἑλλησπόντῳ
545 1111 637 1182 πόλις,
651 1112 709 1170 εἷλε
722 1113 774 1187 μὲν
787 1110 940 1187 Δάρδανον,

142 1201 202 1261 εἷλε
215 1201 244 1261 δέ
252 1199 380 1278 Ἄβυδόν
393 1226 424 1260 τε
437 1200 483 1259 καὶ
497 1199 647 1277 Περκώτην
661 1199 706 1260 καὶ
719 1197 877 1276 Λάμψακον
895 1199 940 1257 καὶ

143 1290 267 1350 Παισόν·
288 1289 390 1352 ταύτας
404 1291 456 1366 μὲν
470 1287 511 1347 ἐπ’
525 1287 630 1365 ἡμέρης
647 1286 767 1364 ἑκάστης
780 1287 862 1363 αἵρεε·
884 1286 940 1346 α’πό

143 1378 174 1437 δέ
188 1383 302 1438 Παισοῦ
317 1377 462 1436 ἐλαύνοντί
481 1379 508 1436 οἱ
529 1377 574 1435 ἐπὶ
587 1375 696 1453 Πάριον
709 1375 794 1436 πόλιν
806 1373 877 1451 ἦλθε
891 1374 939 1456 α’γ-

142 1467 236 1547 γελίη,
249 1465 313 1528 τούς
328 1469 425 1542 Κᾶρας
442 1464 531 1524 τώυτδ
542 1463 624 1523 Ἴωσι
639 1463 836 1542 φρονήσαντας
853 1463 940 1524 άπεσ-

142 1553 225 1614 τάναι
237 1553 294 1613 α’πὸ
305 1554 447 1630 Περσέων·
468 1551 650 1630 α’ποστρέψας
660 1551 696 1612 ὧν
710 1559 740 1612 ἐκ
752 1557 803 1612 τοῦ
815 1552 939 1628 Ἑλλησ-

143 1641 249 1702 πόντου
263 1641 367 1717 ἤλαυνε
382 1640 432 1700 τόν
448 1641 571 1718 στρατόν
588 1641 633 1698 ἐπὶ
646 1641 698 1717 τὴν
711 1643 827 1718 Καρίην.
861 1643 921 1700 Καί
931 1643 988 1700 118

144 1757 197 1794 κως
209 1733 298 1790 ταῦτα
309 1733 386 1790 τοῖσι
399 1730 495 1806 Καρσὶ
509 1730 666 1810 ἐξαγγέλθη
682 1729 818 1806 πρότερον
837 1730 903 1806 πρὶν
922 1727 941 1806 ἢ

142 1818 193 1878 τόν
215 1817 361 1894 Δαυρίσην
385 1818 543 1878 α’πυεέσθαι·
565 1817 716 1895 πυθόμενοι
739 1819 768 1876 δέ
792 1820 819 1876 οἱ
840 1821 940 1894 Κᾶρες,

144 1906 329 1986 συνελέγοντο
348 1905 393 1963 ἐπὶ
406 1903 513 1967 Λευκάς
528 1931 558 1964 τε
573 1905 684 1980 Στήλας
705 1906 874 1982 καλεομένας
895 1906 941 1964 καὶ

143 1994 272 2070 ποταμόν
286 1992 434 2070 Μαρσίνην·
456 1991 486 2056 ὃς
498 1993 566 2070 ῥέων
585 1999 614 2052 ἐκ
633 1998 683 2070 τῆς
697 1993 831 2072 Ἰδριάδος
850 1994 941 2072 χώρης

144 2087 173 2145 ἐς
195 2081 246 2142 τόν
273 2081 433 2156 Μαίανδρον
459 2081 568 2140 ἐκδιδοῖ·
588 2083 808 2161 ’συλλεχθέντων
835 2083 864 2141 δέ
886 2086 942 2142 τῶν

144 2173 249 2247 Καρῶν
268 2169 393 2237 ἐνθαῦτα,
411 2169 534 2249 ἐγίνοντο
552 2170 658 2244 βουλαὶ
680 2170 767 2230 άλλαι
782 2197 813 2231 τε
833 2172 940 2231 πολλαὶ

144 2259 192 2318 καὶ
213 2257 316 2335 άρίστη
332 2283 365 2338 γε
384 2257 521 2316 δοκέουσα
543 2257 612 2317 εἶναι
630 2259 692 2334 ἐμοὶ
709 2259 871 2336 Πιξωδάρου
891 2265 942 2320 τοῦ

143 2345 318 2415 Μαυσώλου,
335 2343 434 2421 ἄνδράς
448 2345 588 2414 Κινδυέος,
602 2344 633 2408 ὃς
649 2350 699 2406 τοῦ
713 2347 837 2407 Κιλίκων
854 2350 940 2424 βασι-

142 2436 210 2498 λέος
224 2435 385 2498 Συεννέσιος
408 2433 464 2512 εἶχε
486 2434 633 2515 θυγατέρα·
654 2435 754 2495 τούτου
774 2441 824 2496 τοῦ
845 2436 943 2515 άνδρδς

142 2523 162 2601 ἤ
175 2523 274 2606 γνώμη
295 2524 384 2598 ἔφερε,
399 2521 550 2598 διαβάντας
566 2523 616 2583 τόν
629 2524 791 2601 Μαίανδρον
806 2524 870 2588 τούς
884 2529 942 2584 Κᾶ-

141 2639 194 2690 ρας
208 2611 255 2671 καὶ
268 2609 338 2670 κατά
352 2609 439 2683 νώτου
453 2612 567 2689 ἔχοντας
579 2611 629 2671 τόν
641 2612 769 2690 ποταμόν
783 2613 852 2673 οὕτω
871 2640 941 2690 συμ-

141 2699 276 2776 βάλλειν,
299 2699 342 2758 ίνα
362 2697 403 2774 μή
426 2699 534 2777 ἔχοντες
552 2698 643 2759 ὀπίσω
667 2701 780 2782 φεύγειν
802 2704 829 2762 οἱ
850 2705 943 2779 Κᾶρες

142 2788 229 2848 αὐτοῦ
250 2814 281 2846 τε
304 2788 396 2863 μένειν
416 2786 634 2868 ἀναγκαζόμενοι
655 2791 783 2870 γενοίατο
806 2791 846 2849 ἐτι
867 2788 943 2864 α’μεί-

142 2902 221 2940 νονες
233 2868 284 2952 τ’ἧς
297 2874 411 2951 φύσιος.
445 2875 514 2952 αὕτη
527 2877 579 2953 μέν
592 2904 640 2937 νυν
653 2877 704 2937 οὐκ
718 2879 792 2937 ε’νίκα
805 2878 823 2952 ἦ
836 2876 941 2957 γνώμη,

143 2963 223 3024 ἀλλά
241 2968 320 3028 τοῖσι
333 2964 466 3043 Πέρσησι
480 2965 550 3024 κατά
563 2965 650 3026 νώτου
663 2966 791 3046 γίνεσθαι
806 2965 856 3024 τόν
869 2966 943 3025 Μαί·

143 3052 246 3130 ανδρον
257 3055 372 3128 μᾶλλον
383 3050 403 3128 ἢ
415 3053 512 3128 σφίσι·
534 3054 649 3130 δηλαδὴ,
664 3053 698 3128 ἢν
712 3053 789 3131 φυγὴ
802 3056 857 3111 τῶν
870 3059 942 3129 Περ-

142 3141 216 3200 σέων
237 3141 350 3222 γένηται
370 3142 415 3200 καὶ
439 3143 602 3202 ἑσσωθέωσι
622 3145 658 3218 τῇ
677 3141 822 3216 συμβολῇ,
840 3139 874 3201 ὦς
893 3139 942 3197 οὐκ

142 3228 377 3305 ἀπονοστήσουσι
391 3234 418 3292 ἐς
426 3230 475 3290 τόν
488 3230 616 3305 ποταμόν
624 3228 814 3288 ἐσπίπτοντες.
841 3225 923 3284 Μετὰ
933 3228 989 3284 119

142 3317 181 3389 δέ,
204 3317 362 3395 παρεόντων
385 3318 431 3376 καὶ
454 3317 611 3393 διαβάντων
634 3313 684 3373 τόν
705 3312 866 3388 Μαίανδρον
887 3315 943 3370 τῶν

1050 3427 1112 3528 Δ
