2250 3552
164 137 275 202 88-91]
479 136 665 186 ΚΑΛΛῙΟΠΗ.
710 154 712 158 ’
918 137 966 185 323

164 215 292 291 ἀληθέως
307 220 385 294 ε’πειγ
395 214 492 290 μενος,
507 215 552 272 καὶ
565 214 617 289 τὴν
626 213 782 295 μεσόγαιαν
795 213 906 290 τάμνων
917 219 967 290 τῆς

164 301 241 362 όδοΰ·
263 303 309 362 καὶ
327 303 485 362 ἀπικνέεται
507 307 534 365 ές
554 301 713 375 Βυζάντιον,
737 303 897 363 καταλιπων
918 307 967 363 τού

164 395 289 469 στρατοΐ
301 393 352 452 τοῦ
366 395 463 450 ἑαυτοῦ
477 390 598 469 συχνούς
608 389 663 450 ύπό
673 390 798 467 Θρηίκων
807 416 838 451 τε
852 417 963 451 κατακο

164 480 266 543 πάντας
285 478 342 539 κατ’
357 477 429 552 όδόν,
445 479 491 537 καὶ
509 483 583 557 λιμῷ
601 476 759 541 συστάντας
778 478 824 537 καὶ
843 479 963 560 καμάτῳ·

166 572 196 627 ἐκ
216 568 368 638 Βυζαντίου
389 566 418 626 δὲ
439 566 521 642 διέβη
542 567 679 625 πλοίοισι.
721 564 802 629 οὗτος
824 569 876 643 μὲν
896 568 966 629 οὕτω

164 654 342 730 ἀπενόστησε
356 660 383 718 ές
396 654 448 731 τῆν
461 654 570 730 Ἀσίην.

205 747 262 820 Τῆς
281 744 312 802 δὲ
332 741 417 819 αύτῆς
436 742 541 819 ἡμέρης
560 746 670 819 τῆσπερ
695 747 724 802 έν
744 747 909 822 Πλαταιῇσι
932 744 965 805 τό
975 748 1013 805 90

163 835 260 909 τρῶμα
274 831 391 912 ε’γένετο,
406 831 578 908 συνεκύρησε
595 831 728 910 γενέσθαι
741 831 787 888 καὶ
801 835 829 889 ε’ν
843 832 966 911 Μυκάλη

163 923 213 995 τῆς
232 919 346 995 Ἰωνίης.
389 920 447 978 ε’πεὶ
469 919 524 999 γάρ
545 918 579 994 δὴ
601 923 629 977 έν
645 922 681 996 τῇ
698 917 785 998 Δήλῳ
804 919 920 978 κατέατο
939 923 966 978 οἶ

159 1005 297 1084 Ἕλληνες
311 1011 337 1066 οἱ
352 1013 381 1067 ε’ν
394 1012 462 1085 τῇσι
479 1007 561 1082 νηυσὶ
581 1005 639 1083 άμα
653 1007 807 1085 Λευτυχιδη
827 1009 865 1085 τῷ
878 1014 965 1067 Λακε·

163 1095 294 1176 δαιμονίῳ
307 1096 479 1173 ἀπικόμενοι,
493 1094 584 1170 ἦλθόν
597 1103 653 1171 σφι
666 1093 783 1177 ἄγγελοι
797 1094 853 1154 α’πδ
868 1095 965 1172 Σάμου

162 1183 288 1260 Λάμπων
300 1211 331 1244 τε
344 1185 525 1262 Θρασυκλέος
539 1185 585 1243 καὶ
594 1182 785 1263 Ἀθηναγόρης
794 1183 965 1261 Ἀρχεστρα-

161 1271 240 1330 τίδεω
257 1273 303 1331 καὶ
320 1271 549 1353 Ἡγησίστρατος
562 1271 776 1352 Ἀρισταγόρεω,
791 1273 965 1348 πεμφθέντες

161 1358 216 1419 ύπό
231 1361 343 1437 Σαμίων
362 1359 455 1438 λάθρη
473 1364 528 1419 τῶν
544 1386 574 1418 τε
595 1361 728 1437 Περσέων
744 1360 790 1418 καὶ
806 1364 856 1418 τοῦ
868 1360 964 1438 τυράν-

162 1473 210 1508 νου
223 1448 422 1526 Θεομήστορος
439 1451 489 1507 τοῦ
508 1446 755 1525 Ἀνδροδάμαντος,
768 1448 818 1509 τόν
831 1449 963 1525 κατέστη-

162 1561 218 1596 σαν
242 1537 339 1614 Σάμου
365 1536 500 1614 τύραννον
528 1539 555 1595 οἱ
582 1536 703 1612 Πέρσαι·
739 1536 911 1598 ἐπελθόντων
935 1538 966 1598 δέ

162 1631 259 1701 σφεων
280 1625 325 1683 ε’πὶ
345 1625 410 1688 τούς
430 1623 613 1705 στρατηγούς,
635 1625 714 1705 ἔλεγε
737 1625 965 1706 Ἡγησίστρατος

161 1712 258 1772 πολλά
272 1713 318 1770 καὶ
331 1716 460 1772 παντοῖα·
483 1711 518 1775 ιός
531 1711 565 1788 ἢν
583 1716 687 1789 μοῦνον
700 1713 809 1773 ἴδωνται
822 1711 923 1776 αύτούς
937 1718 963 1774 οί

159 1793 249 1864 Ἰωνες
269 1799 483 1876 ἀποστήσονται
503 1800 559 1860 άπδ
580 1801 722 1877 Περσέων,
737 1801 782 1858 καὶ
802 1799 836 1862 ὦς
853 1804 879 1859 οἱ
892 1801 963 1877 βάρ-

161 1889 248 1965 βαροι
265 1887 314 1948 ούκ
331 1887 527 1966 ύπομενέουσι·
548 1887 582 1964 ἣν
602 1889 631 1947 δὲ
652 1889 697 1946 καὶ
716 1887 770 1964 άρα
785 1887 962 1963 ύπομείνωσι,

161 1975 212 2035 ούκ
228 1977 323 2054 ἑτέρην
342 1976 431 2057 ἄγρην
451 1975 582 2052 τοιαύτην
599 1976 686 2052 εύρεῖν
704 1973 738 2036 ἂν
756 1975 864 2038 αύτούς·
886 1976 964 2040 θεούς

160 2085 191 2123 τε
212 2064 319 2128 κοινούς
340 2064 507 2134 ἀνακαλέων,
528 2064 681 2142 προέτρεπε
702 2063 801 2126 αύτούς
821 2062 963 2139 ῥύσασθαι

160 2150 261 2230 ἄνδρας
282 2152 427 2229 Ἕλληνας
448 2159 478 2212 ε’κ
499 2152 673 2228 δουλοσύνης
691 2153 738 2212 καὶ
755 2153 898 2229 άπαμΰναι
914 2151 964 2212 τόν

160 2240 321 2319 βάρβαρον·
344 2240 454 2305 εύπετές
467 2268 498 2301 τε
512 2241 631 2311 αὐτοῖσι,
647 2243 709 2317 ἔφη,
723 2244 811 2301 ταῦτα
824 2241 962 2321 γίνεσθαι·

159 2329 211 2392 τάς
223 2355 254 2389 τε
266 2329 322 2411 γάρ
336 2331 398 2392 νέας
411 2329 502 2389 αύτῶν
515 2333 604 2393 κακῶς
616 2330 712 2389 πλέειν
726 2330 771 2388 καὶ
785 2328 834 2397 οὐκ
848 2328 962 2407 ἀξιομά-

160 2441 228 2494 χους
248 2417 364 2476 κείνοισι
381 2417 459 2477 εἶναι·
480 2415 561 2478 αύτοί
576 2443 615 2486 τε,
635 2419 660 2476 εί
676 2443 703 2478 τι
718 2417 907 2478 ὑποπτεύουσι
921 2417 962 2495 μή

161 2503 234 2585 δόλῳ
248 2504 347 2568 αύτούς
364 2505 523 2588 προάγοιεν,
538 2510 644 2583 ἑτοῖμοι
660 2506 730 2566 εἶναι
748 2511 777 2565 ἐν
794 2511 863 2584 τῇσι
880 2507 963 2581 νηυσὶ

160 2595 228 2670 τῇσι
242 2594 349 2654 ἐκείνων
362 2593 494 2674 άγόμενοι
507 2593 608 2670 ὅμηροι
625 2594 702 2654 εἶναι.
743 2594 791 2657 Ὡς
808 2595 837 2652 δὲ
853 2594 962 2657 πολλός
972 2596 1006 2654 91

160 2679 195 2755 ἦν
207 2681 380 2760 λισσόμενος
393 2681 409 2741 ό
423 2682 510 2751 ξεῖνος
523 2682 538 2742 ό
554 2680 667 2758 Σάμιος,
682 2683 770 2758 εἴρετο
784 2682 961 2760 Λευτυχίδης,

161 2768 215 2828 εἶτε
228 2770 362 2849 κληδόνος
376 2770 476 2830 εἵνεκεν
490 2771 579 2830 θέλων
595 2770 743 2839 πυθέσθαι,
758 2770 812 2829 εἴτε
830 2770 875 2828 καὶ
892 2769 962 2829 κατά

160 2861 312 2937 συντυχίην
325 2860 390 2918 θεοῦ
403 2863 554 2921 ποιεῦντος
576 2857 624 2916 “ὦ
637 2858 708 2928 ξεῖνε
720 2857 816 2933 Σάμιε,
830 2859 860 2917 τί
870 2883 914 2916 τοι
927 2857 960 2918 τό

161 2943 265 3023 οὕνομα
275 2945 299 3016 ;”
320 2945 336 3006 ό
354 2947 384 3006 δὲ
402 2946 471 3005 εἶπε·
493 2944 772 3027 “Ἡγησίστρατος·”
793 2945 809 3006 ό
825 2945 855 3004 δὲ
875 2944 959 3023 ύπαρ·

159 3032 254 3097 πάσας
266 3034 316 3094 τόν
329 3035 476 3094 ἐπίλοιπον
490 3034 585 3115 λόγον,
601 3035 626 3094 εἴ
639 3061 701 3095 τινα
717 3035 823 3112 ὅρμητο
839 3035 931 3115 λέγειν
945 3033 961 3094 ό

159 3118 395 3200 Ἡγησίστρατος,
427 3123 496 3182 εἶπε·
532 3134 549 3158 “
558 3123 673 3200 δέκομαι
701 3124 752 3184 τόν
778 3123 882 3202 οἰωνόν,
912 3121 961 3181 τόν

159 3205 396 3288 Ἡγησίστρατον,
418 3209 439 3268 ὦ
460 3211 530 3280 ξεῖνε
552 3211 649 3287 Σάμιε·
684 3210 721 3270 σι)
742 3211 772 3270 δὲ
794 3209 862 3286 ἡμῖν
884 3211 961 3268 ποίεε

159 3293 228 3358 ὅκως
242 3295 324 3360 αύτός
342 3321 372 3356 τε
391 3297 453 3360 δούς
471 3299 567 3356 πίστιν
586 3296 787 3367 ἀποπλεύσεαι,
802 3298 847 3358 καὶ
868 3301 894 3357 οἱ
907 3297 961 3356 σύν
