2250 3552
137 143 247 208 ιι-το]
445 144 639 193 mmmm:
696 166 698 170 v
890 137 937 190 ατ

135 222 201 286 τούς
223 221 375 298 Ἓλληνας,
399 225 486 281 ἐοῦσα
509 221 644 297 παλλακή
672 218 863 296 Φαρανδάτεος
889 221 940 276 τοῦ

136 310 286 378 Τεάσπιος,
297 310 395 386 άνδρδς
408 310 534 386 Πέρσεω,
546 309 751 386 κοσμησαμένη
761 310 857 386 χρυσῷ
869 310 939 366 πολ·

136 402 179 476 λῷ
196 399 244 457 καὶ
262 397 331 472 αὕτη
349 398 395 455 καὶ
411 400 440 456 αἱ
458 397 627 475 ἀμφίπολοι,
642 397 688 455 καὶ
707 396 807 470 ἐσθῆτι
824 397 940 473 τῇκαλ-

137 489 224 566 λιστη
237 490 293 545 τῶν
305 486 490 562 παρεουσέων,
502 488 656 562 καταβᾶσα
666 491 696 546 ἐκ
706 488 756 560 τῆς
766 482 939 560 ἁρμαμάξης,

138 574 238 652 ἐχώρεε
259 579 287 636 ἐς
305 573 371 636 τούς
390 573 624 650 Λακεδαιμονίους
641 574 681 633 ἐτι
700 578 728 632 ἐν
746 575 814 650 τῇσι
833 574 940 650 φονῇσι

137 660 241 724 ἐόντας·
260 659 357 736 άρώσα
371 661 400 720 δὲ
413 661 504 720 πάντα
518 663 607 720 ἐκεῖνα
621 661 751 720 διέποντα
765 659 939 734 Παυσανίην,

137 748 273 825 πρότερόν
286 774 316 808 τε
329 749 362 809 τά
376 747 481 825 οὔνομα
494 748 696 825 ἐξεπισταμένη
707 748 753 806 καὶ
761 746 813 822 τὴν
822 746 938 822 πάτρην,

138 836 210 896 ὥστε
220 836 360 900 πολλάκις
373 835 530 909 άκοώσασα,
543 837 611 917 ἐγνω
620 861 651 896 τε
660 836 710 895 τὸν
719 835 885 909 Παυσανίην
894 835 939 892 καὶ

138 926 286 1002 λαβομένη
306 928 361 984 τών
380 924 521 1006 γουνάτων
542 926 621 1005 ἔλεγε
640 923 715 984 τάδε·
745 922 793 982 “ώ
812 925 937 1000 βασιλεῦ

139 1012 279 1089 Σπάρτης,
293 1014 381 1090 ῥῦσαί
390 1038 427 1089 με
440 1012 492 1088 την
506 1013 590 1072 ἱκέτιν
609 1011 789 1091 αἰχμαλώτου
803 1010 939 1070 δουλοσύ-

139 1125 196 1176 νης·
224 1100 262 1160 σι)
277 1101 333 1182 γάρ
351 1101 397 1160 καὶ
415 1105 442 1164 ἐς
460 1099 523 1160 τάδε
543 1099 659 1175 ὤνησας,
677 1099 778 1160 τούσδε
794 1092 940 1160 άπολέσας

138 1187 203 1252 τούς
216 1186 280 1248 οὔτε
293 1188 429 1264 δαιμόνων
444 1187 507 1248 οὔτε
517 1190 590 1272 βεῶν
603 1187 668 1248 ὄπιν
680 1190 803 1266 ἐχοντας.
841 1187 896 1264 εἰμὶ
910 1187 939 1246 δὲ

139 1277 219 1354 γένος
236 1279 287 1353 μὲν
306 1276 381 1356 Κῴη,
396 1276 520 1358 θυγάτηρ
534 1277 564 1336 δὲ
575 1275 764 1356 Ἡγητορίδεω
780 1279 830 1336 τοῦ
842 1275 938 1336 Ἀντα-

780 1365 788 1386 Ι
866 1363 882 1384 δ’
931 1364 939 1384 C

140 1363 237 1443 γόρεω·
258 1365 310 1443 βίῃ
324 1365 356 1424 δέ
367 1391 402 1442 με
421 1366 521 1442 λαβών
535 1370 563 1425 ἐν
578 1369 627 1442 Κῷ
641 1364 699 1444 εἶχε
712 1365 728 1424 ὁ
743 1371 865 1442 Περσης.
923 1393 939 1424 ο

160 1452 250 1474 ΚὫΙ
768 1452 891 1476 snt!

141 1451 170 1511 δε
183 1455 331 1530 αμειβεται
348 1453 454 1513 τοῖσδε·
476 1452 591 1534 ((γόναι,
606 1451 713 1529 θάρσει,
733 1481 778 1513 και
795 1479 830 1517 ως
849 1479 938 1524 ικετις,

142 1541 187 1600 καὶ
201 1545 225 1600 εἰ
238 1541 272 1616 δὴ
286 1541 356 1618 πρδς
368 1540 456 1620 τούτῳ
469 1540 614 1620 τυγχάνεις
627 1539 735 1616 άληθέα
745 1543 877 1624 λέγουσα,
894 1543 939 1601 καὶ

143 1627 180 1692 εἶς
196 1629 320 1709 θυγάτηρ
341 1629 530 1710 Ἡγητορίδεω
547 1633 597 1688 τοῦ
616 1629 706 1708 Κῴου,
723 1629 753 1693 δς
772 1631 833 1708 ἐμοὶ
852 1631 939 1700 ξεῖνος

140 1716 267 1792 μάλιστα
280 1717 410 1798 τυγχάνει
428 1718 479 1778 ἐών
491 1720 546 1777 τῶν
559 1717 623 1794 περὶ
637 1719 740 1781 κείνους
757 1717 821 1782 τοδς
833 1718 939 1797 χώρους

143 1804 317 1882 οἰκημένων.”
356 1809 444 1866 ταῦτα
469 1805 554 1878 εἴπας,
575 1804 640 1865 τότε
660 1808 711 1882 μὲν
733 1807 865 1882 ἐπέτρεψε
885 1810 940 1865 τῶν

143 1893 251 1970 ἐφόρων
273 1897 349 1954 τοῖσι
370 1898 514 1970 παρεοῦσι,
540 1893 659 1970 ὕστερον
682 1894 711 1954 δὲ
738 1893 886 1970 ἀπέπεμψε
914 1899 940 1957 ἐς

143 1983 267 2062 Αἴγιναν,
282 1987 310 2045 ἐς
322 1983 373 2058 τὴν
387 1982 456 2058 αὕτη
466 1981 552 2058 ἤθελε
565 1981 725 2041 α’πικέσθαι.

183 2069 265 2129 Μετά
285 2070 315 2128 δὲ
338 2069 389 2146 τὴν
409 2069 503 2140 άπιξιν
523 2073 574 2146 τῆς
596 2069 731 2152 γυναικός,
753 2069 850 2129 αὐτίκα
869 2070 940 2146 μετά
950 2072 987 2131 77

143 2163 230 2218 ταῦτα
246 2157 379 2219 άπίκοντο
397 2161 549 2221 Μαντινέες
568 2158 609 2217 ἐπ’
628 2158 868 2238 ἐξεργασμένοισι·
888 2185 940 2235 μα·
970 2204 972 2208 -

143 2247 237 2311 θόντες
257 2247 287 2306 δὲ
307 2246 350 2308 ὅτι
369 2247 482 2326 ὕστεροι
501 2247 603 2324 ἥκουσι
622 2250 672 2322 τῆς
690 2249 851 2326 συμβολῆς,
870 2275 940 2325 συμ-

143 2336 235 2413 φορὴν
262 2339 403 2396 ἐποιεῦντο
424 2336 559 2418 μεγάλην,
584 2335 659 2405 ἄξιοί
679 2363 710 2395 τε
738 2338 849 2412 ἔφασαν
873 2337 942 2397 εἶναι

143 2426 236 2500 σφέας
249 2426 396 2501 ζημιώσαι·
417 2423 619 2500 πυνθανόμενοι
632 2424 661 2483 δὲ
674 2424 738 2488 τούς
751 2425 866 2501 Μήδους
878 2426 943 2488 τούς

142 2513 213 2589 μετά
226 2512 403 2590 Ἀρταβάζου
422 2511 585 2594 φεύγοντας,
598 2511 712 2576 τούτους
731 2513 841 2572 ἐδίωκον
858 2515 942 2591 μέχρι

143 2603 315 2677 Θεσσαλίης·
343 2599 569 2681 (Λακεδαιμόνιοι
592 2601 621 2659 δὲ
643 2599 692 2660 οὐκ
717 2601 766 2659 ἐων
788 2600 942 2680 φεύγοντας

143 2683 279 2770 διώκειν).
292 2693 319 2749 οἱ
332 2689 361 2748 δὲ
375 2688 605 2768 ἀναχωρήσαντες
623 2695 650 2751 ἐς
667 2688 720 2763 τήν
742 2692 855 2758 ἑωυτῶν,
878 2689 942 2751 τούς

142 2776 281 2859 ἡγεμόνας
298 2782 348 2855 τῆς
363 2781 497 2854 στρατιῆς
511 2777 624 2846 ἐδίωξαν
645 2781 674 2835 ἐκ
688 2781 738 2851 τῆς
750 2779 812 2857 γῆς.
826 2777 897 2853 μετά
913 2777 943 2835 δέ

143 2868 299 2930 Μαντινέας
306 2865 375 2943 ἧκον
384 2865 503 2924 Ἠλεῖοι·
517 2867 563 2924 καὶ
574 2865 703 2928 ώσαύτως
713 2868 740 2924 οἱ
748 2863 858 2924 Ἠλεῖοι
868 2869 943 2924 τοῖσι

143 2959 315 3016 Μαντινεῦσι
335 2954 487 3032 συμφορὴν
502 2954 688 3030 ποιησάμενοι
707 2953 942 3012 άπαλλάσσοντο·

142 3043 313 3108 άπελθόντες
323 3044 352 3103 δέ
366 3045 412 3102 καὶ
426 3040 502 3102 οὗτοι
515 3041 579 3106 τούς
588 3041 727 3122 ἡγεμόνας
745 3041 866 3110 ἐδίωξαν.
907 3040 942 3100 τά

84 3198 85 3202 Ἰ
144 3132 213 3192 κατά
227 3133 384 3194 Μαντινέας
396 3133 448 3209 μέν
462 3132 507 3189 καὶ
520 3131 649 3194 Ἠλείους
662 3133 796 3190 τοσαῦτα.

181 3220 230 3280 Ἐν
244 3222 273 3280 δέ
286 3223 452 3298 Πλαταιῇσι
466 3224 495 3277 ἐν
511 3222 549 3296 τῷ
567 3219 747 3298 στρατοπέδῳ
765 3223 820 3277 τῶν
833 3223 942 3298 Αἰγινη-
953 3219 991 3276 78

142 3310 210 3369 τέων
222 3308 257 3384 ἦν
271 3308 397 3384 Λάμπων
411 3306 426 3364 ὁ
441 3305 549 3374 Πύθεω,
565 3306 732 3386 Αἰγινητέων
745 3305 780 3364 τά
794 3310 900 3383 πρῶτα,
914 3304 944 3368 ὃς

151 3391 251 3439 Ile-25
