<?xml version="1.0" encoding="UTF-8"?>
<!DOCTYPE html PUBLIC "-//W3C//DTD XHTML 1.0 Transitional//EN"
    "http://www.w3.org/TR/xhtml1/DTD/xhtml1-transitional.dtd">
<html xmlns="http://www.w3.org/1999/xhtml" xml:lang="en" lang="en">
 <head>
  <title>
</title>
<meta http-equiv="Content-Type" content="text/html;charset=utf-8" />
  <meta name='ocr-system' content='tesseract 3.04.00' />
  <meta name='ocr-capabilities' content='ocr_page ocr_carea ocr_par ocr_line ocrx_word'/>
</head>
<body>
  <div class='ocr_page' id='page_1' title='image "./herodotusrecens00blakgoog_0217.png"; bbox 0 0 2282 3550; ppageno 0'>
   <div class='ocr_carea' id='block_1_1' title="bbox 152 150 1008 3398">
    <p class='ocr_par' dir='ltr' id='par_1_1' title="bbox 152 150 959 844">
     <span class='ocr_line' id='line_1_1' title="bbox 153 150 956 213; baseline 0 -13"><span class='ocrx_word' id='word_1_1' title='bbox 153 150 298 213; x_wconf 70' lang='grc' dir='ltr'>υια-ιιυι</span> <span class='ocrx_word' id='word_1_2' title='bbox 472 155 656 205; x_wconf 66' lang='lat' dir='ltr'>nomm.</span> <span class='ocrx_word' id='word_1_3' title='bbox 910 155 956 201; x_wconf 82' lang='grc' dir='ltr'>ιω</span> 
     </span>
     <span class='ocr_line' id='line_1_2' title="bbox 152 229 958 314; baseline 0.006 -25"><span class='ocrx_word' id='word_1_4' title='bbox 152 256 223 309; x_wconf 86' lang='grc' dir='ltr'>ριον,</span> <span class='ocrx_word' id='word_1_5' title='bbox 238 229 304 290; x_wconf 70' lang='grc' dir='ltr'>ἀλλ’</span> <span class='ocrx_word' id='word_1_6' title='bbox 319 233 364 290; x_wconf 84' lang='grc' dir='ltr'>ε’πὶ</span> <span class='ocrx_word' id='word_1_7' title='bbox 378 232 517 313; x_wconf 76' lang='grc' dir='ltr'>Ἐπιάλτῃ</span> <span class='ocrx_word' id='word_1_8' title='bbox 530 239 567 313; x_wconf 78' lang='grc' dir='ltr'>τῷ</span> <span class='ocrx_word' id='word_1_9' title='bbox 581 234 725 314; x_wconf 80' lang='grc' dir='ltr'>Τρηχινίῳ,</span> <span class='ocrx_word' id='word_1_10' title='bbox 740 234 848 295; x_wconf 86' lang='grc' dir='ltr'>πάντως</span> <span class='ocrx_word' id='word_1_11' title='bbox 864 259 913 290; x_wconf 95' lang='grc' dir='ltr'>κου</span> <span class='ocrx_word' id='word_1_12' title='bbox 924 232 958 294; x_wconf 77' lang='grc' dir='ltr'>τῦ</span> 
     </span>
     <span class='ocr_line' id='line_1_3' title="bbox 152 318 959 401; baseline 0.002 -23"><span class='ocrx_word' id='word_1_13' title='bbox 152 318 358 396; x_wconf 71' lang='grc' dir='ltr'>ἀτρεκέστατον</span> <span class='ocrx_word' id='word_1_14' title='bbox 385 322 545 397; x_wconf 83' lang='grc' dir='ltr'>πυθόμενοι·</span> <span class='ocrx_word' id='word_1_15' title='bbox 572 326 655 382; x_wconf 88' lang='grc' dir='ltr'>τοῦτο</span> <span class='ocrx_word' id='word_1_16' title='bbox 682 321 719 390; x_wconf 83' lang='grc' dir='ltr'>δὲ,</span> <span class='ocrx_word' id='word_1_17' title='bbox 743 321 883 401; x_wconf 88' lang='grc' dir='ltr'>φεύγοντα</span> <span class='ocrx_word' id='word_1_18' title='bbox 909 319 959 380; x_wconf 81' lang='grc' dir='ltr'>τόν</span> 
     </span>
     <span class='ocr_line' id='line_1_4' title="bbox 152 407 958 486; baseline 0.004 -21"><span class='ocrx_word' id='word_1_19' title='bbox 152 407 310 483; x_wconf 76' lang='grc' dir='ltr'>Ἐπιάλτην</span> <span class='ocrx_word' id='word_1_20' title='bbox 334 409 436 485; x_wconf 90' lang='grc' dir='ltr'>ταύτην</span> <span class='ocrx_word' id='word_1_21' title='bbox 459 410 511 485; x_wconf 78' lang='grc' dir='ltr'>τήν</span> <span class='ocrx_word' id='word_1_22' title='bbox 534 411 624 486; x_wconf 81' lang='grc' dir='ltr'>αἰτίην</span> <span class='ocrx_word' id='word_1_23' title='bbox 649 409 770 486; x_wconf 83' lang='grc' dir='ltr'>οἴδαμεν·</span> <span class='ocrx_word' id='word_1_24' title='bbox 801 410 883 484; x_wconf 83' lang='grc' dir='ltr'>εἰδείη</span> <span class='ocrx_word' id='word_1_25' title='bbox 905 411 958 485; x_wconf 74' lang='grc' dir='ltr'>μὲν</span> 
     </span>
     <span class='ocr_line' id='line_1_5' title="bbox 152 494 959 574; baseline 0.004 -21"><span class='ocrx_word' id='word_1_26' title='bbox 152 494 209 574; x_wconf 74' lang='grc' dir='ltr'>γάρ</span> <span class='ocrx_word' id='word_1_27' title='bbox 230 494 272 568; x_wconf 81' lang='grc' dir='ltr'>ἂν,</span> <span class='ocrx_word' id='word_1_28' title='bbox 291 496 336 554; x_wconf 85' lang='grc' dir='ltr'>καὶ</span> <span class='ocrx_word' id='word_1_29' title='bbox 357 497 408 556; x_wconf 80' lang='grc' dir='ltr'>εἰῦν</span> <span class='ocrx_word' id='word_1_30' title='bbox 428 497 468 574; x_wconf 81' lang='grc' dir='ltr'>μή</span> <span class='ocrx_word' id='word_1_31' title='bbox 489 497 625 574; x_wconf 83' lang='grc' dir='ltr'>Μηλιεῦς,</span> <span class='ocrx_word' id='word_1_32' title='bbox 641 497 743 574; x_wconf 90' lang='grc' dir='ltr'>ταύτην</span> <span class='ocrx_word' id='word_1_33' title='bbox 762 497 814 574; x_wconf 81' lang='grc' dir='ltr'>τήν</span> <span class='ocrx_word' id='word_1_34' title='bbox 834 497 959 574; x_wconf 72' lang='grc' dir='ltr'>ἀτραπόν</span> 
     </span>
     <span class='ocr_line' id='line_1_6' title="bbox 152 581 958 665; baseline 0.002 -24"><span class='ocrx_word' id='word_1_35' title='bbox 152 581 275 660; x_wconf 82' lang='grc' dir='ltr'>Ὀνήτης</span> <span class='ocrx_word' id='word_1_36' title='bbox 289 589 313 642; x_wconf 82' lang='grc' dir='ltr'>εἰ</span> <span class='ocrx_word' id='word_1_37' title='bbox 325 589 360 664; x_wconf 76' lang='grc' dir='ltr'>τῇ</span> <span class='ocrx_word' id='word_1_38' title='bbox 373 585 451 665; x_wconf 84' lang='grc' dir='ltr'>χύρῃ</span> <span class='ocrx_word' id='word_1_39' title='bbox 461 587 559 646; x_wconf 71' lang='grc' dir='ltr'>πολλὰ</span> <span class='ocrx_word' id='word_1_40' title='bbox 573 585 719 664; x_wconf 70' lang='grc' dir='ltr'>ὦμιληκυλς</span> <span class='ocrx_word' id='word_1_41' title='bbox 733 585 784 661; x_wconf 83' lang='grc' dir='ltr'>εἴη·</span> <span class='ocrx_word' id='word_1_42' title='bbox 804 584 869 644; x_wconf 72' lang='grc' dir='ltr'>ἀλλ’</span> <span class='ocrx_word' id='word_1_43' title='bbox 881 585 958 644; x_wconf 86' lang='grc' dir='ltr'>Ἐπι-</span> 
     </span>
     <span class='ocr_line' id='line_1_7' title="bbox 154 671 958 756; baseline 0.004 -26"><span class='ocrx_word' id='word_1_44' title='bbox 154 671 243 748; x_wconf 86' lang='grc' dir='ltr'>όλτης</span> <span class='ocrx_word' id='word_1_45' title='bbox 256 671 310 752; x_wconf 88' lang='grc' dir='ltr'>γάρ</span> <span class='ocrx_word' id='word_1_46' title='bbox 326 679 387 733; x_wconf 82' lang='grc' dir='ltr'>ἐστι</span> <span class='ocrx_word' id='word_1_47' title='bbox 401 674 416 733; x_wconf 86' lang='grc' dir='ltr'>ὁ</span> <span class='ocrx_word' id='word_1_48' title='bbox 430 675 671 756; x_wconf 80' lang='grc' dir='ltr'>περιηγησάμενος</span> <span class='ocrx_word' id='word_1_49' title='bbox 684 672 717 733; x_wconf 77' lang='grc' dir='ltr'>τό</span> <span class='ocrx_word' id='word_1_50' title='bbox 731 672 812 752; x_wconf 78' lang='grc' dir='ltr'>οὖρος</span> <span class='ocrx_word' id='word_1_51' title='bbox 826 673 894 731; x_wconf 78' lang='grc' dir='ltr'>κατά</span> <span class='ocrx_word' id='word_1_52' title='bbox 907 673 958 749; x_wconf 78' lang='grc' dir='ltr'>τήν</span> 
     </span>
     <span class='ocr_line' id='line_1_8' title="bbox 154 758 626 844; baseline 0.006 -26"><span class='ocrx_word' id='word_1_53' title='bbox 154 758 289 837; x_wconf 71' lang='grc' dir='ltr'>ἀτραπόν,</span> <span class='ocrx_word' id='word_1_54' title='bbox 304 767 403 822; x_wconf 91' lang='grc' dir='ltr'>τοῦτον</span> <span class='ocrx_word' id='word_1_55' title='bbox 416 764 504 822; x_wconf 84' lang='grc' dir='ltr'>αἴτιον</span> <span class='ocrx_word' id='word_1_56' title='bbox 516 762 626 844; x_wconf 89' lang='grc' dir='ltr'>γράφω.</span> 
     </span>
    </p>

    <p class='ocr_par' dir='ltr' id='par_1_2' title="bbox 154 849 1008 3398">
     <span class='ocr_line' id='line_1_9' title="bbox 197 849 1003 928; baseline -0.002 -18"><span class='ocrx_word' id='word_1_57' title='bbox 197 850 303 926; x_wconf 74' lang='grc' dir='ltr'>Ξέρξης</span> <span class='ocrx_word' id='word_1_58' title='bbox 314 851 352 920; x_wconf 81' lang='grc' dir='ltr'>δὲ,</span> <span class='ocrx_word' id='word_1_59' title='bbox 362 851 424 908; x_wconf 83' lang='grc' dir='ltr'>ε’πεί</span> <span class='ocrx_word' id='word_1_60' title='bbox 432 853 458 910; x_wconf 82' lang='grc' dir='ltr'>οἱ</span> <span class='ocrx_word' id='word_1_61' title='bbox 468 850 553 928; x_wconf 82' lang='grc' dir='ltr'>ἤρεσε</span> <span class='ocrx_word' id='word_1_62' title='bbox 563 851 598 908; x_wconf 74' lang='grc' dir='ltr'>τό</span> <span class='ocrx_word' id='word_1_63' title='bbox 609 851 750 928; x_wconf 85' lang='grc' dir='ltr'>ύπέσχετο</span> <span class='ocrx_word' id='word_1_64' title='bbox 761 850 776 909; x_wconf 88' lang='grc' dir='ltr'>ό</span> <span class='ocrx_word' id='word_1_65' title='bbox 786 849 939 924; x_wconf 73' lang='grc' dir='ltr'>Ἐπιάλτης</span> <span class='ocrx_word' id='word_1_66' title='bbox 947 852 1003 908; x_wconf 76' lang='grc'>215</span> 
     </span>
     <span class='ocr_line' id='line_1_10' title="bbox 156 929 958 1018; baseline 0.002 -24"><span class='ocrx_word' id='word_1_67' title='bbox 156 929 392 1018; x_wconf 83' lang='grc' dir='ltr'>κατεργάσεσθαι,</span> <span class='ocrx_word' id='word_1_68' title='bbox 407 938 505 998; x_wconf 81' lang='grc' dir='ltr'>αὐτίκα</span> <span class='ocrx_word' id='word_1_69' title='bbox 521 938 674 1017; x_wconf 81' lang='grc' dir='ltr'>περιχαρής</span> <span class='ocrx_word' id='word_1_70' title='bbox 688 937 836 1018; x_wconf 87' lang='grc' dir='ltr'>γενόμενος</span> <span class='ocrx_word' id='word_1_71' title='bbox 854 939 958 1014; x_wconf 80' lang='grc' dir='ltr'>ἔπεμπε</span> 
     </span>
     <span class='ocr_line' id='line_1_11' title="bbox 155 1024 958 1106; baseline 0.001 -23"><span class='ocrx_word' id='word_1_72' title='bbox 155 1024 300 1102; x_wconf 80' lang='grc' dir='ltr'>Ὑδάρνεα,</span> <span class='ocrx_word' id='word_1_73' title='bbox 325 1027 369 1084; x_wconf 79' lang='grc' dir='ltr'>καὶ</span> <span class='ocrx_word' id='word_1_74' title='bbox 393 1031 448 1086; x_wconf 79' lang='grc' dir='ltr'>τῶν</span> <span class='ocrx_word' id='word_1_75' title='bbox 472 1027 641 1106; x_wconf 79' lang='grc' dir='ltr'>ἐστρατήγεε</span> <span class='ocrx_word' id='word_1_76' title='bbox 664 1024 806 1102; x_wconf 84' lang='grc' dir='ltr'>Ὑδάρνης·</span> <span class='ocrx_word' id='word_1_77' title='bbox 834 1025 958 1102; x_wconf 84' lang='grc' dir='ltr'>ὦρμέατο</span> 
     </span>
     <span class='ocr_line' id='line_1_12' title="bbox 156 1113 958 1192; baseline 0 -20"><span class='ocrx_word' id='word_1_78' title='bbox 156 1113 186 1172; x_wconf 84' lang='grc' dir='ltr'>δὲ</span> <span class='ocrx_word' id='word_1_79' title='bbox 206 1115 271 1190; x_wconf 88' lang='grc' dir='ltr'>περὶ</span> <span class='ocrx_word' id='word_1_80' title='bbox 289 1114 399 1192; x_wconf 91' lang='grc' dir='ltr'>λύχνων</span> <span class='ocrx_word' id='word_1_81' title='bbox 415 1115 490 1190; x_wconf 79' lang='grc' dir='ltr'>άφός</span> <span class='ocrx_word' id='word_1_82' title='bbox 511 1121 540 1172; x_wconf 81' lang='grc' dir='ltr'>ἐκ</span> <span class='ocrx_word' id='word_1_83' title='bbox 561 1117 610 1174; x_wconf 86' lang='grc' dir='ltr'>τοῦ</span> <span class='ocrx_word' id='word_1_84' title='bbox 627 1114 828 1190; x_wconf 90' lang='grc' dir='ltr'>στρατοπέδου.</span> <span class='ocrx_word' id='word_1_85' title='bbox 862 1113 913 1189; x_wconf 83' lang='grc' dir='ltr'>τήν</span> <span class='ocrx_word' id='word_1_86' title='bbox 929 1113 958 1172; x_wconf 79' lang='grc' dir='ltr'>δὲ</span> 
     </span>
     <span class='ocr_line' id='line_1_13' title="bbox 155 1202 956 1282; baseline 0.002 -24"><span class='ocrx_word' id='word_1_87' title='bbox 155 1202 284 1278; x_wconf 75' lang='grc' dir='ltr'>ἀτραπόν</span> <span class='ocrx_word' id='word_1_88' title='bbox 300 1203 403 1278; x_wconf 89' lang='grc' dir='ltr'>ταύτην</span> <span class='ocrx_word' id='word_1_89' title='bbox 422 1204 532 1279; x_wconf 83' lang='grc' dir='ltr'>ἐξεῦρον</span> <span class='ocrx_word' id='word_1_90' title='bbox 550 1205 602 1280; x_wconf 78' lang='grc' dir='ltr'>μὲν</span> <span class='ocrx_word' id='word_1_91' title='bbox 618 1206 644 1262; x_wconf 83' lang='grc' dir='ltr'>οἱ</span> <span class='ocrx_word' id='word_1_92' title='bbox 666 1202 807 1282; x_wconf 82' lang='grc' dir='ltr'>ε’πιχιύριοι</span> <span class='ocrx_word' id='word_1_93' title='bbox 827 1203 956 1278; x_wconf 78' lang='grc' dir='ltr'>Μηλιέες,</span> 
     </span>
     <span class='ocr_line' id='line_1_14' title="bbox 156 1289 958 1372; baseline 0.007 -24"><span class='ocrx_word' id='word_1_94' title='bbox 156 1290 313 1366; x_wconf 80' lang='grc' dir='ltr'>ἐξευρόντες</span> <span class='ocrx_word' id='word_1_95' title='bbox 332 1291 361 1349; x_wconf 85' lang='grc' dir='ltr'>δὲ</span> <span class='ocrx_word' id='word_1_96' title='bbox 378 1295 558 1351; x_wconf 80' lang='grc' dir='ltr'>Θεσσαλοῖσι</span> <span class='ocrx_word' id='word_1_97' title='bbox 576 1289 772 1372; x_wconf 82' lang='grc' dir='ltr'>κατηγήσαντο</span> <span class='ocrx_word' id='word_1_98' title='bbox 791 1291 835 1350; x_wconf 86' lang='grc' dir='ltr'>ε’πὶ</span> <span class='ocrx_word' id='word_1_99' title='bbox 849 1292 958 1354; x_wconf 81' lang='grc' dir='ltr'>Φωκέας</span> 
     </span>
     <span class='ocr_line' id='line_1_15' title="bbox 154 1377 958 1459; baseline 0.005 -24"><span class='ocrx_word' id='word_1_100' title='bbox 154 1377 229 1447; x_wconf 90' lang='grc' dir='ltr'>τότε,</span> <span class='ocrx_word' id='word_1_101' title='bbox 249 1377 296 1438; x_wconf 73' lang='grc' dir='ltr'>ἅτε</span> <span class='ocrx_word' id='word_1_102' title='bbox 315 1382 342 1436; x_wconf 82' lang='grc' dir='ltr'>οἱ</span> <span class='ocrx_word' id='word_1_103' title='bbox 359 1381 465 1442; x_wconf 85' lang='grc' dir='ltr'>Φωκέες</span> <span class='ocrx_word' id='word_1_104' title='bbox 484 1380 639 1457; x_wconf 80' lang='grc' dir='ltr'>φράξαντες</span> <span class='ocrx_word' id='word_1_105' title='bbox 657 1381 742 1459; x_wconf 87' lang='grc' dir='ltr'>τείχεϊ</span> <span class='ocrx_word' id='word_1_106' title='bbox 759 1379 811 1455; x_wconf 80' lang='grc' dir='ltr'>τήν</span> <span class='ocrx_word' id='word_1_107' title='bbox 829 1379 958 1456; x_wconf 79' lang='grc' dir='ltr'>ἐσβολήν</span> 
     </span>
     <span class='ocr_line' id='line_1_16' title="bbox 154 1463 956 1545; baseline 0.004 -21"><span class='ocrx_word' id='word_1_108' title='bbox 154 1463 232 1540; x_wconf 79' lang='grc' dir='ltr'>ἦσαν</span> <span class='ocrx_word' id='word_1_109' title='bbox 248 1472 279 1526; x_wconf 82' lang='grc' dir='ltr'>έν</span> <span class='ocrx_word' id='word_1_110' title='bbox 295 1467 387 1545; x_wconf 84' lang='grc' dir='ltr'>σκέπη</span> <span class='ocrx_word' id='word_1_111' title='bbox 403 1471 453 1526; x_wconf 88' lang='grc' dir='ltr'>τοῦ</span> <span class='ocrx_word' id='word_1_112' title='bbox 471 1468 608 1544; x_wconf 88' lang='grc' dir='ltr'>πολέμου·</span> <span class='ocrx_word' id='word_1_113' title='bbox 630 1469 659 1525; x_wconf 87' lang='grc' dir='ltr'>έκ</span> <span class='ocrx_word' id='word_1_114' title='bbox 677 1493 708 1526; x_wconf 92' lang='grc' dir='ltr'>τε</span> <span class='ocrx_word' id='word_1_115' title='bbox 725 1467 813 1527; x_wconf 92' lang='grc' dir='ltr'>τόσου</span> <span class='ocrx_word' id='word_1_116' title='bbox 831 1468 865 1544; x_wconf 83' lang='grc' dir='ltr'>δή</span> <span class='ocrx_word' id='word_1_117' title='bbox 882 1495 956 1528; x_wconf 92' lang='grc' dir='ltr'>κατε-</span> 
     </span>
     <span class='ocr_line' id='line_1_17' title="bbox 155 1554 1004 1636; baseline 0.004 -23"><span class='ocrx_word' id='word_1_118' title='bbox 155 1554 269 1614; x_wconf 86' lang='grc' dir='ltr'>δέδεκτο</span> <span class='ocrx_word' id='word_1_119' title='bbox 289 1559 376 1614; x_wconf 90' lang='grc' dir='ltr'>εὀῦσα</span> <span class='ocrx_word' id='word_1_120' title='bbox 396 1554 475 1615; x_wconf 82' lang='grc' dir='ltr'>ούδὲν</span> <span class='ocrx_word' id='word_1_121' title='bbox 493 1555 605 1634; x_wconf 82' lang='grc' dir='ltr'>χρηστή</span> <span class='ocrx_word' id='word_1_122' title='bbox 624 1560 773 1632; x_wconf 80' lang='grc' dir='ltr'>Μηλιεῦσι.</span> <span class='ocrx_word' id='word_1_123' title='bbox 807 1555 888 1636; x_wconf 84' lang='grc' dir='ltr'>Ἔχει</span> <span class='ocrx_word' id='word_1_124' title='bbox 909 1557 1004 1616; x_wconf 75' lang='grc' dir='ltr'>δὲ216</span> 
     </span>
     <span class='ocr_line' id='line_1_18' title="bbox 156 1638 958 1724; baseline 0.004 -23"><span class='ocrx_word' id='word_1_125' title='bbox 156 1638 210 1702; x_wconf 78' lang='grc' dir='ltr'>ιῦδε</span> <span class='ocrx_word' id='word_1_126' title='bbox 222 1643 241 1719; x_wconf 84' lang='grc' dir='ltr'><em>ἦ</em></span> <span class='ocrx_word' id='word_1_127' title='bbox 255 1643 380 1720; x_wconf 71' lang='grc' dir='ltr'>ἀτραπός</span> <span class='ocrx_word' id='word_1_128' title='bbox 396 1643 473 1720; x_wconf 86' lang='grc' dir='ltr'>αῦτη·</span> <span class='ocrx_word' id='word_1_129' title='bbox 496 1643 611 1724; x_wconf 77' lang='grc' dir='ltr'>ἄρχεται</span> <span class='ocrx_word' id='word_1_130' title='bbox 628 1647 680 1721; x_wconf 80' lang='grc' dir='ltr'>μὲν</span> <span class='ocrx_word' id='word_1_131' title='bbox 694 1644 749 1704; x_wconf 86' lang='grc' dir='ltr'>α’πό</span> <span class='ocrx_word' id='word_1_132' title='bbox 765 1649 814 1704; x_wconf 86' lang='grc' dir='ltr'>τοῦ</span> <span class='ocrx_word' id='word_1_133' title='bbox 827 1645 958 1705; x_wconf 79' lang='grc' dir='ltr'>Ἀσωποῦ</span> 
     </span>
     <span class='ocr_line' id='line_1_19' title="bbox 156 1731 959 1814; baseline 0.005 -26"><span class='ocrx_word' id='word_1_134' title='bbox 156 1735 286 1808; x_wconf 79' lang='grc' dir='ltr'>ποταμοῦ</span> <span class='ocrx_word' id='word_1_135' title='bbox 299 1738 350 1791; x_wconf 88' lang='grc' dir='ltr'>τοῦ</span> <span class='ocrx_word' id='word_1_136' title='bbox 366 1732 410 1791; x_wconf 77' lang='grc' dir='ltr'>διὰ</span> <span class='ocrx_word' id='word_1_137' title='bbox 427 1737 476 1808; x_wconf 81' lang='grc' dir='ltr'>τῆς</span> <span class='ocrx_word' id='word_1_138' title='bbox 495 1731 654 1814; x_wconf 88' lang='grc' dir='ltr'>διασφάγος</span> <span class='ocrx_word' id='word_1_139' title='bbox 670 1735 789 1809; x_wconf 84' lang='grc' dir='ltr'>ῥέοντος·</span> <span class='ocrx_word' id='word_1_140' title='bbox 811 1733 916 1810; x_wconf 89' lang='grc' dir='ltr'>οῦνομα</span> <span class='ocrx_word' id='word_1_141' title='bbox 929 1735 959 1793; x_wconf 81' lang='grc' dir='ltr'>δὲ</span> 
     </span>
     <span class='ocr_line' id='line_1_20' title="bbox 155 1819 957 1900; baseline 0.004 -24"><span class='ocrx_word' id='word_1_142' title='bbox 155 1823 196 1898; x_wconf 77' lang='grc' dir='ltr'>τῷ</span> <span class='ocrx_word' id='word_1_143' title='bbox 205 1819 283 1898; x_wconf 85' lang='grc' dir='ltr'>οῦρεῖ</span> <span class='ocrx_word' id='word_1_144' title='bbox 295 1821 382 1900; x_wconf 81' lang='grc' dir='ltr'>τούτῳ</span> <span class='ocrx_word' id='word_1_145' title='bbox 393 1823 438 1879; x_wconf 87' lang='grc' dir='ltr'>καὶ</span> <span class='ocrx_word' id='word_1_146' title='bbox 451 1827 486 1900; x_wconf 82' lang='grc' dir='ltr'>τῇ</span> <span class='ocrx_word' id='word_1_147' title='bbox 496 1821 609 1900; x_wconf 76' lang='grc' dir='ltr'>ἀτραπῷ</span> <span class='ocrx_word' id='word_1_148' title='bbox 619 1821 706 1880; x_wconf 76' lang='grc' dir='ltr'>τώυτό</span> <span class='ocrx_word' id='word_1_149' title='bbox 717 1826 803 1882; x_wconf 83' lang='grc' dir='ltr'>κεῖται</span> <span class='ocrx_word' id='word_1_150' title='bbox 812 1820 957 1882; x_wconf 83' lang='grc' dir='ltr'>Ἀνόπαια·</span> 
     </span>
     <span class='ocr_line' id='line_1_21' title="bbox 155 1908 958 1989; baseline 0.006 -23"><span class='ocrx_word' id='word_1_151' title='bbox 155 1908 240 1966; x_wconf 86' lang='grc' dir='ltr'>τείνει</span> <span class='ocrx_word' id='word_1_152' title='bbox 260 1909 291 1967; x_wconf 78' lang='grc' dir='ltr'>δὲ</span> <span class='ocrx_word' id='word_1_153' title='bbox 310 1909 328 1984; x_wconf 83' lang='grc' dir='ltr'><em>ἡ</em></span> <span class='ocrx_word' id='word_1_154' title='bbox 348 1908 485 1968; x_wconf 85' lang='grc' dir='ltr'>Ἀνόπαια</span> <span class='ocrx_word' id='word_1_155' title='bbox 506 1911 575 1986; x_wconf 89' lang='grc' dir='ltr'>αῦτη</span> <span class='ocrx_word' id='word_1_156' title='bbox 598 1910 667 1968; x_wconf 88' lang='grc' dir='ltr'>καταὶ</span> <span class='ocrx_word' id='word_1_157' title='bbox 685 1909 766 1989; x_wconf 81' lang='grc' dir='ltr'>ῥάχιν</span> <span class='ocrx_word' id='word_1_158' title='bbox 783 1915 833 1969; x_wconf 94' lang='grc' dir='ltr'>τοῦ</span> <span class='ocrx_word' id='word_1_159' title='bbox 855 1909 958 1987; x_wconf 82' lang='grc' dir='ltr'>οῦρεος·</span> 
     </span>
     <span class='ocr_line' id='line_1_22' title="bbox 156 1994 959 2076; baseline 0.009 -24"><span class='ocrx_word' id='word_1_160' title='bbox 156 1996 241 2076; x_wconf 89' lang='grc' dir='ltr'>λήγει</span> <span class='ocrx_word' id='word_1_161' title='bbox 258 1994 292 2070; x_wconf 77' lang='grc' dir='ltr'>δή</span> <span class='ocrx_word' id='word_1_162' title='bbox 315 1996 384 2056; x_wconf 88' lang='grc' dir='ltr'>κατά</span> <span class='ocrx_word' id='word_1_163' title='bbox 403 2024 434 2056; x_wconf 92' lang='grc' dir='ltr'>τε</span> <span class='ocrx_word' id='word_1_164' title='bbox 451 1998 594 2073; x_wconf 80' lang='grc' dir='ltr'>Ἀλπηνδν</span> <span class='ocrx_word' id='word_1_165' title='bbox 614 1999 706 2069; x_wconf 89' lang='grc' dir='ltr'>πόλιν,</span> <span class='ocrx_word' id='word_1_166' title='bbox 728 1998 838 2074; x_wconf 71' lang='grc' dir='ltr'>πρώτην</span> <span class='ocrx_word' id='word_1_167' title='bbox 860 2003 959 2059; x_wconf 82' lang='grc' dir='ltr'>ἐοῦσαν</span> 
     </span>
     <span class='ocr_line' id='line_1_23' title="bbox 156 2084 959 2164; baseline 0.004 -23"><span class='ocrx_word' id='word_1_168' title='bbox 156 2087 213 2142; x_wconf 85' lang='grc' dir='ltr'>τιῦν</span> <span class='ocrx_word' id='word_1_169' title='bbox 226 2084 369 2160; x_wconf 62' lang='grc' dir='ltr'>Λοκρῶων</span> <span class='ocrx_word' id='word_1_170' title='bbox 381 2085 452 2162; x_wconf 85' lang='grc' dir='ltr'>πρός</span> <span class='ocrx_word' id='word_1_171' title='bbox 467 2089 521 2144; x_wconf 77' lang='grc' dir='ltr'>τῶν</span> <span class='ocrx_word' id='word_1_172' title='bbox 536 2087 676 2161; x_wconf 89' lang='grc' dir='ltr'>Μηλιέων,</span> <span class='ocrx_word' id='word_1_173' title='bbox 691 2086 736 2143; x_wconf 87' lang='grc' dir='ltr'>καὶ</span> <span class='ocrx_word' id='word_1_174' title='bbox 753 2087 822 2144; x_wconf 80' lang='grc' dir='ltr'>κατὰ</span> <span class='ocrx_word' id='word_1_175' title='bbox 841 2085 959 2164; x_wconf 87' lang='grc' dir='ltr'>Μελάμ-</span> 
     </span>
     <span class='ocr_line' id='line_1_24' title="bbox 157 2172 960 2252; baseline 0.004 -21"><span class='ocrx_word' id='word_1_176' title='bbox 157 2173 248 2252; x_wconf 85' lang='grc' dir='ltr'>πυγόν</span> <span class='ocrx_word' id='word_1_177' title='bbox 275 2199 307 2232; x_wconf 85' lang='grc' dir='ltr'>τε</span> <span class='ocrx_word' id='word_1_178' title='bbox 334 2172 503 2251; x_wconf 88' lang='grc' dir='ltr'>καλεόμενον</span> <span class='ocrx_word' id='word_1_179' title='bbox 528 2175 610 2234; x_wconf 82' lang='grc' dir='ltr'>λίθον</span> <span class='ocrx_word' id='word_1_180' title='bbox 634 2175 679 2232; x_wconf 85' lang='grc' dir='ltr'>καὶ</span> <span class='ocrx_word' id='word_1_181' title='bbox 707 2173 778 2233; x_wconf 71' lang='grc' dir='ltr'>κατὰ</span> <span class='ocrx_word' id='word_1_182' title='bbox 804 2175 960 2251; x_wconf 80' lang='grc' dir='ltr'>Κερκώπων</span> 
     </span>
     <span class='ocr_line' id='line_1_25' title="bbox 158 2259 1006 2339; baseline 0.008 -22"><span class='ocrx_word' id='word_1_183' title='bbox 158 2259 248 2336; x_wconf 80' lang='grc' dir='ltr'>ἔδρας·</span> <span class='ocrx_word' id='word_1_184' title='bbox 269 2265 305 2339; x_wconf 82' lang='grc' dir='ltr'>τῇ</span> <span class='ocrx_word' id='word_1_185' title='bbox 322 2261 416 2336; x_wconf 79' lang='grc' dir='ltr'>καὶτὰ</span> <span class='ocrx_word' id='word_1_186' title='bbox 435 2260 615 2323; x_wconf 89' lang='grc' dir='ltr'>στεινότατόν</span> <span class='ocrx_word' id='word_1_187' title='bbox 631 2268 700 2320; x_wconf 91' lang='grc' dir='ltr'>ε’στι.</span> <span class='ocrx_word' id='word_1_188' title='bbox 736 2261 818 2322; x_wconf 71' lang='grc' dir='ltr'>Κατὰ</span> <span class='ocrx_word' id='word_1_189' title='bbox 836 2263 1006 2339; x_wconf 79' lang='grc' dir='ltr'>ταύτην217</span> 
     </span>
     <span class='ocr_line' id='line_1_26' title="bbox 158 2346 960 2428; baseline 0.005 -20"><span class='ocrx_word' id='word_1_190' title='bbox 158 2347 264 2424; x_wconf 78' lang='grc' dir='ltr'>δήτήν</span> <span class='ocrx_word' id='word_1_191' title='bbox 283 2346 407 2423; x_wconf 80' lang='grc' dir='ltr'>άτραπόν</span> <span class='ocrx_word' id='word_1_192' title='bbox 428 2351 473 2408; x_wconf 82' lang='grc' dir='ltr'>καὶ</span> <span class='ocrx_word' id='word_1_193' title='bbox 496 2348 566 2408; x_wconf 87' lang='grc' dir='ltr'>οῦτω</span> <span class='ocrx_word' id='word_1_194' title='bbox 589 2351 709 2428; x_wconf 81' lang='grc' dir='ltr'>ἔχουσαν</span> <span class='ocrx_word' id='word_1_195' title='bbox 732 2354 757 2410; x_wconf 75' lang='grc' dir='ltr'>οἱ</span> <span class='ocrx_word' id='word_1_196' title='bbox 780 2351 890 2428; x_wconf 88' lang='grc' dir='ltr'>Πέρσαι</span> <span class='ocrx_word' id='word_1_197' title='bbox 911 2351 960 2412; x_wconf 79' lang='grc' dir='ltr'>τόν</span> 
     </span>
     <span class='ocr_line' id='line_1_27' title="bbox 157 2435 960 2515; baseline 0.007 -21"><span class='ocrx_word' id='word_1_198' title='bbox 157 2435 291 2496; x_wconf 82' lang='grc' dir='ltr'>Ἀσωπόν</span> <span class='ocrx_word' id='word_1_199' title='bbox 305 2435 451 2512; x_wconf 83' lang='grc' dir='ltr'>διαβάντες</span> <span class='ocrx_word' id='word_1_200' title='bbox 468 2437 632 2514; x_wconf 83' lang='grc' dir='ltr'>ἐπορεύοντο</span> <span class='ocrx_word' id='word_1_201' title='bbox 650 2443 746 2498; x_wconf 81' lang='grc' dir='ltr'>πᾶσαν</span> <span class='ocrx_word' id='word_1_202' title='bbox 760 2439 811 2515; x_wconf 83' lang='grc' dir='ltr'>τήν</span> <span class='ocrx_word' id='word_1_203' title='bbox 825 2439 915 2514; x_wconf 90' lang='grc' dir='ltr'>νύκτα,</span> <span class='ocrx_word' id='word_1_204' title='bbox 932 2445 960 2500; x_wconf 84' lang='grc' dir='ltr'>έν</span> 
     </span>
     <span class='ocr_line' id='line_1_28' title="bbox 159 2525 959 2606; baseline 0.006 -23"><span class='ocrx_word' id='word_1_205' title='bbox 159 2525 236 2603; x_wconf 79' lang='grc' dir='ltr'>δεξιῇ</span> <span class='ocrx_word' id='word_1_206' title='bbox 248 2528 301 2602; x_wconf 76' lang='grc' dir='ltr'>μὲν</span> <span class='ocrx_word' id='word_1_207' title='bbox 317 2527 426 2604; x_wconf 82' lang='grc' dir='ltr'>ἔχοντες</span> <span class='ocrx_word' id='word_1_208' title='bbox 445 2525 527 2604; x_wconf 85' lang='grc' dir='ltr'>οῦρεα</span> <span class='ocrx_word' id='word_1_209' title='bbox 542 2526 578 2584; x_wconf 82' lang='grc' dir='ltr'>τό</span> <span class='ocrx_word' id='word_1_210' title='bbox 595 2527 714 2586; x_wconf 85' lang='grc' dir='ltr'>Οἰταίων</span> <span class='ocrx_word' id='word_1_211' title='bbox 733 2533 762 2587; x_wconf 82' lang='grc' dir='ltr'>έν</span> <span class='ocrx_word' id='word_1_212' title='bbox 779 2528 913 2606; x_wconf 74' lang='grc' dir='ltr'>ἀριστερῇ</span> <span class='ocrx_word' id='word_1_213' title='bbox 930 2529 959 2588; x_wconf 80' lang='grc' dir='ltr'>δὲ</span> 
     </span>
     <span class='ocr_line' id='line_1_29' title="bbox 157 2612 960 2696; baseline 0.005 -25"><span class='ocrx_word' id='word_1_214' title='bbox 157 2614 194 2672; x_wconf 76' lang='grc' dir='ltr'>τό</span> <span class='ocrx_word' id='word_1_215' title='bbox 212 2616 375 2692; x_wconf 87' lang='grc' dir='ltr'>Τρηχινίων·</span> <span class='ocrx_word' id='word_1_216' title='bbox 396 2612 451 2691; x_wconf 80' lang='grc' dir='ltr'>ήάς</span> <span class='ocrx_word' id='word_1_217' title='bbox 467 2640 498 2674; x_wconf 92' lang='grc' dir='ltr'>τε</span> <span class='ocrx_word' id='word_1_218' title='bbox 514 2613 547 2691; x_wconf 81' lang='grc' dir='ltr'>δή</span> <span class='ocrx_word' id='word_1_219' title='bbox 564 2615 696 2690; x_wconf 81' lang='grc' dir='ltr'>διέφαινε,</span> <span class='ocrx_word' id='word_1_220' title='bbox 714 2617 759 2673; x_wconf 85' lang='grc' dir='ltr'>καὶ</span> <span class='ocrx_word' id='word_1_221' title='bbox 775 2617 901 2696; x_wconf 89' lang='grc' dir='ltr'>ε’γένοντο</span> <span class='ocrx_word' id='word_1_222' title='bbox 919 2616 960 2675; x_wconf 80' lang='grc' dir='ltr'>ἐπ’</span> 
     </span>
     <span class='ocr_line' id='line_1_30' title="bbox 159 2699 961 2781; baseline 0.006 -23"><span class='ocrx_word' id='word_1_223' title='bbox 159 2699 320 2781; x_wconf 75' lang='grc' dir='ltr'>ἀκρωτηρίῳ</span> <span class='ocrx_word' id='word_1_224' title='bbox 339 2705 389 2761; x_wconf 90' lang='grc' dir='ltr'>τοῦ</span> <span class='ocrx_word' id='word_1_225' title='bbox 410 2701 513 2780; x_wconf 86' lang='grc' dir='ltr'>οῦρεος.</span> <span class='ocrx_word' id='word_1_226' title='bbox 555 2703 625 2762; x_wconf 76' lang='grc' dir='ltr'>κατὰ</span> <span class='ocrx_word' id='word_1_227' title='bbox 646 2704 777 2763; x_wconf 85' lang='grc' dir='ltr'>δὲταῦτα</span> <span class='ocrx_word' id='word_1_228' title='bbox 797 2707 846 2762; x_wconf 89' lang='grc' dir='ltr'>τοῦ</span> <span class='ocrx_word' id='word_1_229' title='bbox 867 2702 961 2779; x_wconf 80' lang='grc' dir='ltr'>οὔρεος</span> 
     </span>
     <span class='ocr_line' id='line_1_31' title="bbox 160 2789 961 2868; baseline 0.005 -20"><span class='ocrx_word' id='word_1_230' title='bbox 160 2790 338 2865; x_wconf 85' lang='grc' dir='ltr'>ε’φύλασσον,</span> <span class='ocrx_word' id='word_1_231' title='bbox 353 2790 388 2853; x_wconf 79' lang='grc' dir='ltr'>ὦς</span> <span class='ocrx_word' id='word_1_232' title='bbox 402 2792 448 2849; x_wconf 85' lang='grc' dir='ltr'>καὶ</span> <span class='ocrx_word' id='word_1_233' title='bbox 463 2789 598 2868; x_wconf 84' lang='grc' dir='ltr'>πρότερόν</span> <span class='ocrx_word' id='word_1_234' title='bbox 610 2817 660 2868; x_wconf 88' lang='grc' dir='ltr'>μοι</span> <span class='ocrx_word' id='word_1_235' title='bbox 674 2791 833 2867; x_wconf 89' lang='grc' dir='ltr'>δεδήλωται,</span> <span class='ocrx_word' id='word_1_236' title='bbox 848 2792 961 2852; x_wconf 80' lang='grc' dir='ltr'>Φωκέων</span> 
     </span>
     <span class='ocr_line' id='line_1_32' title="bbox 159 2877 961 2959; baseline 0 -21"><span class='ocrx_word' id='word_1_237' title='bbox 159 2880 249 2959; x_wconf 88' lang='grc' dir='ltr'>χίλιοι</span> <span class='ocrx_word' id='word_1_238' title='bbox 262 2877 386 2948; x_wconf 77' lang='grc' dir='ltr'>ὁπλῖται,</span> <span class='ocrx_word' id='word_1_239' title='bbox 400 2879 531 2956; x_wconf 86' lang='grc' dir='ltr'>ῥυόμενοί</span> <span class='ocrx_word' id='word_1_240' title='bbox 542 2908 572 2940; x_wconf 94' lang='grc' dir='ltr'>τε</span> <span class='ocrx_word' id='word_1_241' title='bbox 590 2881 640 2956; x_wconf 75' lang='grc' dir='ltr'>τήν</span> <span class='ocrx_word' id='word_1_242' title='bbox 657 2881 797 2956; x_wconf 81' lang='grc' dir='ltr'>σφετέρην</span> <span class='ocrx_word' id='word_1_243' title='bbox 810 2879 903 2956; x_wconf 80' lang='grc' dir='ltr'>χώρην</span> <span class='ocrx_word' id='word_1_244' title='bbox 916 2880 961 2938; x_wconf 84' lang='grc' dir='ltr'>καὶ</span> 
     </span>
     <span class='ocr_line' id='line_1_33' title="bbox 159 2965 960 3048; baseline -0.001 -21"><span class='ocrx_word' id='word_1_245' title='bbox 159 2968 344 3046; x_wconf 85' lang='grc' dir='ltr'>φρουρέοντες</span> <span class='ocrx_word' id='word_1_246' title='bbox 362 2968 413 3043; x_wconf 80' lang='grc' dir='ltr'>τήν</span> <span class='ocrx_word' id='word_1_247' title='bbox 426 2968 561 3046; x_wconf 82' lang='grc' dir='ltr'>άτραπόν·</span> <span class='ocrx_word' id='word_1_248' title='bbox 581 2969 599 3045; x_wconf 83' lang='grc' dir='ltr'>ή</span> <span class='ocrx_word' id='word_1_249' title='bbox 616 2973 668 3046; x_wconf 76' lang='grc' dir='ltr'>μὲν</span> <span class='ocrx_word' id='word_1_250' title='bbox 684 2968 738 3048; x_wconf 79' lang='grc' dir='ltr'>γάρ</span> <span class='ocrx_word' id='word_1_251' title='bbox 756 2965 829 3024; x_wconf 82' lang='grc' dir='ltr'>κάτω</span> <span class='ocrx_word' id='word_1_252' title='bbox 848 2967 960 3044; x_wconf 76' lang='grc' dir='ltr'>ἐσβολὴ</span> 
     </span>
     <span class='ocr_line' id='line_1_34' title="bbox 159 3053 961 3135; baseline 0.001 -21"><span class='ocrx_word' id='word_1_253' title='bbox 159 3056 345 3130; x_wconf 79' lang='grc' dir='ltr'>ἐφυλάσσετο</span> <span class='ocrx_word' id='word_1_254' title='bbox 357 3055 412 3116; x_wconf 83' lang='grc' dir='ltr'>ύπό</span> <span class='ocrx_word' id='word_1_255' title='bbox 427 3063 482 3118; x_wconf 81' lang='grc' dir='ltr'>τῶν</span> <span class='ocrx_word' id='word_1_256' title='bbox 496 3060 610 3135; x_wconf 81' lang='grc' dir='ltr'>εἴρηται·</span> <span class='ocrx_word' id='word_1_257' title='bbox 631 3057 682 3132; x_wconf 78' lang='grc' dir='ltr'>τήν</span> <span class='ocrx_word' id='word_1_258' title='bbox 696 3057 725 3114; x_wconf 83' lang='grc' dir='ltr'>δὲ</span> <span class='ocrx_word' id='word_1_259' title='bbox 741 3054 786 3113; x_wconf 74' lang='grc' dir='ltr'>διά</span> <span class='ocrx_word' id='word_1_260' title='bbox 801 3058 852 3114; x_wconf 85' lang='grc' dir='ltr'>τοῦ</span> <span class='ocrx_word' id='word_1_261' title='bbox 868 3053 961 3130; x_wconf 87' lang='grc' dir='ltr'>οῦρεος</span> 
     </span>
     <span class='ocr_line' id='line_1_35' title="bbox 158 3142 961 3221; baseline -0.002 -19"><span class='ocrx_word' id='word_1_262' title='bbox 158 3145 285 3221; x_wconf 72' lang='grc' dir='ltr'>ἀτραπόν</span> <span class='ocrx_word' id='word_1_263' title='bbox 313 3146 457 3206; x_wconf 86' lang='grc' dir='ltr'>ε’θελονταὶ</span> <span class='ocrx_word' id='word_1_264' title='bbox 483 3148 589 3208; x_wconf 83' lang='grc' dir='ltr'>Φωκέες</span> <span class='ocrx_word' id='word_1_265' title='bbox 615 3142 812 3216; x_wconf 76' lang='grc' dir='ltr'>ὑποδεξάμενοι</span> <span class='ocrx_word' id='word_1_266' title='bbox 839 3145 961 3220; x_wconf 84' lang='grc' dir='ltr'>Λεωνίδῃ</span> 
     </span>
     <span class='ocr_line' id='line_1_36' title="bbox 160 3224 1008 3309; baseline -0.006 -19"><span class='ocrx_word' id='word_1_267' title='bbox 160 3231 339 3308; x_wconf 83' lang='grc' dir='ltr'>ἐφύλασσον.</span> <span class='ocrx_word' id='word_1_268' title='bbox 365 3231 494 3309; x_wconf 81' lang='grc' dir='ltr'>Ἔμαθον</span> <span class='ocrx_word' id='word_1_269' title='bbox 508 3233 538 3290; x_wconf 91' lang='grc' dir='ltr'>δέ</span> <span class='ocrx_word' id='word_1_270' title='bbox 551 3239 643 3305; x_wconf 87' lang='grc' dir='ltr'>σφεας</span> <span class='ocrx_word' id='word_1_271' title='bbox 657 3233 684 3286; x_wconf 87' lang='grc' dir='ltr'>οἱ</span> <span class='ocrx_word' id='word_1_272' title='bbox 693 3228 798 3286; x_wconf 89' lang='grc' dir='ltr'>Φωκέες</span> <span class='ocrx_word' id='word_1_273' title='bbox 813 3224 864 3284; x_wconf 81' lang='grc' dir='ltr'>ὧδε</span> <span class='ocrx_word' id='word_1_274' title='bbox 877 3226 939 3285; x_wconf 87' lang='grc' dir='ltr'>οἷνα-</span> <span class='ocrx_word' id='word_1_275' title='bbox 950 3230 1008 3286; x_wconf 78' lang='grc'>218</span> 
     </span>
     <span class='ocr_line' id='line_1_37' title="bbox 159 3312 962 3398; baseline -0.011 -18"><span class='ocrx_word' id='word_1_276' title='bbox 159 3318 334 3398; x_wconf 82' lang='grc' dir='ltr'>βεβηκότας·</span> <span class='ocrx_word' id='word_1_277' title='bbox 355 3319 553 3395; x_wconf 80' lang='grc' dir='ltr'>ἀναβαίνοντες</span> <span class='ocrx_word' id='word_1_278' title='bbox 569 3317 624 3395; x_wconf 74' lang='grc' dir='ltr'>γάρ</span> <span class='ocrx_word' id='word_1_279' title='bbox 639 3312 789 3372; x_wconf 76' lang='grc' dir='ltr'>ἐλάνθανον</span> <span class='ocrx_word' id='word_1_280' title='bbox 809 3315 835 3368; x_wconf 88' lang='grc' dir='ltr'>οἱ</span> <span class='ocrx_word' id='word_1_281' title='bbox 851 3314 962 3388; x_wconf 90' lang='grc' dir='ltr'>Πέρσαι</span> 
     </span>
    </p>
   </div>
   <div class='ocr_carea' id='block_1_2' title="bbox 0 0 1154 3550">
    <p class='ocr_par' dir='ltr' id='par_1_3' title="bbox 0 0 1154 3550">
     <span class='ocr_line' id='line_1_38' title="bbox 0 0 1154 3550; baseline 0 0"><span class='ocrx_word' id='word_1_282' title='bbox 0 0 1154 3550; x_wconf 95' lang='lat' dir='ltr'> </span> 
     </span>
    </p>
   </div>
   <div class='ocr_carea' id='block_1_3' title="bbox 1067 3437 1134 3518">
    <p class='ocr_par' dir='ltr' id='par_1_4' title="bbox 1067 3437 1134 3518">
     <span class='ocr_line' id='line_1_39' title="bbox 1067 3437 1134 3518; baseline 0 0"><span class='ocrx_word' id='word_1_283' title='bbox 1067 3437 1134 3518; x_wconf 76' lang='grc' dir='ltr'><strong><em>Δ</em></strong></span> 
     </span>
    </p>
   </div>
  </div>
 </body>
</html>
