2258 3568
147 137 262 200 ττ-οι]
462 136 668 188 υυνιακονσ.
925 140 956 184 ω

146 220 262 294 μοῦνον,
276 215 356 276 ἀλλὰ
367 221 507 296 πανταχῇ,
526 216 545 293 ἡ
566 217 698 298 ἰσηγορίη
716 215 751 279 ὥς
771 215 833 275 ἔστι
854 219 953 294 χρῆμα

147 305 314 365 σπουδαῖον·
337 309 360 364 εἰ
373 307 419 364 καὶ
431 305 577 379 Ἀθηναῖοι
595 303 822 383 τυραννευόμενοι
837 305 888 380 μέν
907 304 950 363 αό-

148 393 244 470 δαμῶν
265 398 321 454 τῶν
343 395 435 469 σφέας
456 393 665 471 περιοικεόντων
683 391 759 469 ἦσαν
778 392 814 452 τό
830 392 954 469 πολέμια

148 480 286 557 α’μείνους,
301 481 532 562 ἀπαλλαχθέντες
545 483 575 541 δὲ
588 481 726 559 τυράννων
738 484 836 559 μακρῷ
847 485 953 558 πρῶτοι

149 571 288 649 ε’γένοντο.
330 569 414 646 δηλοῖ
440 570 477 630 ὧν
503 575 600 640 ταῦτα,
628 569 671 630 ότι
699 568 879 648 κατεχόμενοι
900 571 952 646 μὲν

149 658 334 718 ἐθελοκάκεον
353 658 388 722 οἷς
407 658 532 737 δεσπότῃ
547 657 734 739 ἐργαζόμενοι,
761 657 955 734 ἐλευθερωθέν-

148 772 204 805 των
223 746 252 805 δέ
272 747 354 810 αὐτός
368 746 487 810 ἕκαστος
500 751 589 826 ἑωυτῷ
602 748 776 825 προθυμέετο
792 745 953 826 κατεργιίζε·

150 835 228 893 σθαι.
272 833 349 894 οὗτοι
369 835 421 912 μέν
442 862 490 896 νυν
509 839 598 895 ταῦτα
619 836 773 912 ἔπρησσον.

192 925 317 999 Θηβαῖοι
336 924 366 982 δέ
383 924 455 1000 μετὰ
471 928 560 984 ταῦτα
579 928 606 987 ές
623 923 687 983 θεόν
701 925 832 1000 ἔπεμπον,
846 921 951 999 βουλό·
964 921 1000 982 79

149 1036 230 1087 μενοι
243 1012 381 1072 τίσασθαι
393 1011 567 1088 Ἀθηναίους.
599 1011 617 1087 ἡ
632 1012 661 1071 δὲ
675 1012 770 1087 Πυθίη
784 1010 841 1070 (ἰπὸ
855 1011 952 1086 σφέων

150 1101 202 1175 μέν
217 1099 307 1160 αὐτῶν
320 1100 370 1159 οὐκ
381 1101 436 1177 ἔφη
445 1100 558 1160 αότοῖσι
569 1101 638 1160 εἶναι
650 1102 734 1168 τίσιν,
745 1105 772 1162 ές
786 1104 961 1157 ΠΟΑΥΦΗ-

151 1193 242 1247 MON
270 1189 300 1249 δὲ
327 1183 512 1258 ἐξενείκαντας
538 1189 647 1248 ἐκέλευε
673 1192 753 1247 ΤΩΝ
779 1186 954 1250 ἈΓΧῙΣΤΑ

152 1278 332 1342 ΔΕΕΣΘΑΙ.
373 1277 552 1338 ἀπελθόντων
573 1277 609 1337 ὧν
629 1281 684 1336 τῶν
706 1274 877 1353 θεοπρόπων,
898 1275 952 1344 ε’ξέ-

153 1372 243 1442 φερον
260 1367 293 1425 τό
312 1367 485 1445 χρηστήριον
504 1366 587 1442 ἁλίην
604 1365 801 1441 ποιησόμενοι·
823 1363 858 1427 ὥς
876 1369 954 1423 ε’πυν-

152 1453 271 1514 θόνοντο
285 1455 314 1514 δὲ
327 1454 466 1535 λεγόντων
486 1453 574 1514 αὐτῶν
595 1459 674 1513 ΤΩΝ
692 1452 867 1514 ἈΓΧΙΣΤΑ
890 1459 954 1511 ΔΕ·

152 1544 278 1612 ΕΣΘΑΙ,
294 1543 375 1602 εἶπαν
388 1547 415 1601 οἱ
425 1543 549 1618 Θηβαῖοι
562 1541 731 1604 όκοόσαντες
743 1541 856 1601 τούτων·
879 1551 895 1575 “
905 1539 954 1598 οόκ

152 1629 191 1689 ὧν
211 1629 336 1711 ἄγχιστα
354 1630 446 1713 ἡμέων
467 1631 592 1690 οἰκέουσι
605 1629 777 1711 Ταναγραῖοί
790 1630 882 1689 τεκαὶ
897 1635 953 1688 Ko-

151 1722 265 1796 ρωναῖοι
287 1719 332 1778 καί
355 1721 561 1790 Θεσπιέες,καί
584 1717 663 1778 οὗτοί
681 1744 714 1799 γε
735 1716 794 1795 ἅμα
816 1717 883 1794 ἡμῖν
902 1717 955 1776 αἰεὶ

151 1807 318 1885 μαχόμενοι,
332 1807 485 1884 «προθύμως
507 1808 728 1883 συνδιαφέρουσι
746 1806 796 1866 τόν
812 1806 954 1882 πόλεμον;

151 1895 184 1953 τί
194 1895 238 1954 δεῖ
249 1895 354 1956 τούτων
366 1921 399 1977 γε
413 1895 538 1964 δέεσθαι;
553 1895 630 1954 ἀλλὰ
643 1900 757 1972 μᾶλλον
770 1894 810 1971 μή
825 1893 857 1952 οὐ
871 1897 954 1952 τοῦτο

151 1980 218 2061 ᾖτό
232 1981 432 2061 χρηστήριον.”
473 1988 595 2043 Τοιαῦτα
616 1982 649 2059 δη
668 1983 879 2064 ἐπιλεγομένων,
896 1982 956 2040 εἶπε
965 1983 1002 2040 80

152 2071 188 2146 δή
210 2097 275 2131 κοτε
295 2072 393 2148 μαθιόν
414 2097 464 2136 τις·
487 2071 567 2152 “ε’γιό
589 2098 638 2148 μοι
663 2072 747 2130 δοκέω
772 2070 896 2130 συνιέναι
919 2068 952 2128 τό

153 2161 244 2218 ε’θέλει
260 2160 351 2241 λέγειν
371 2159 439 2237 ἡμῖν
451 2160 485 2220 τό
498 2161 643 2236 μαντήϊον.
675 2159 807 2219 Ἀσωποῦ
824 2162 956 2240 λέγονται

152 2249 286 2328 γενέσθαι
308 2249 456 2330 θυγατέρες
478 2249 563 2324 Θήβη
585 2275 616 2308 τε
640 2249 685 2307 καὶ
704 2249 814 2329 Αἴγινα·
838 2247 956 2306 τουτέων

152 2335 300 2412 ἀδελφεῶν
321 2338 448 2406 εὀυσέων,
468 2337 552 2396 δοκέω
570 2336 638 2414 ἡμῖν
655 2335 824 2417 Αἰγινητέων
842 2335 955 2396 δέεσθαι

151 2423 202 2484 τόν
216 2423 280 2484 θεόν
293 2428 400 2504 χρῆσαι
413 2425 608 2502 τιμωρητήρων
621 2423 779 2506 γενέσθαι·”
794 2425 839 2482 καὶ
854 2423 887 2483 ου’
900 2423 955 2505 γάρ

151 2537 195 2576 τις
207 2512 309 2588 ταύτης
322 2513 439 2590 ἀμείνων
452 2513 549 2593 γνώμη
564 2512 656 2572 ε’δόκεε
677 2514 837 2589 φαίνεσθαι,
853 2511 952 2572 αότίκα

151 2600 314 2679 πέμψαντες
331 2601 440 2661 ε’δέοντο
455 2602 632 2683 Αἰγινητέων,
653 2601 863 2678 ἐπικαλεόμενοι
883 2600 953 2659 κατοί

151 2689 186 2749 τό
199 2687 374 2768 χρηστήριόν
387 2696 444 2764 σφι
460 2689 600 2766 βσηθέειν,
616 2689 651 2752 ὦς
670 2689 769 2749 ε’όντων
786 2687 952 2769 οἰγχιστέων·

152 2781 181 2836 οἰ
203 2778 233 2836 δέ
255 2785 311 2853 σφι
327 2777 452 2837 αἰτέουσι
473 2779 632 2854 ἐπικουρίην
650 2779 714 2841 τούς
735 2778 867 2838 Αἰακίδας
885 2802 955 2850 συμ-

152 2867 274 2943 πέμπειν
289 2869 410 2942 έφασαν.
452 2865 673 2942 Πειρησαμένων
687 2866 716 2924 δὲ
729 2865 796 2946 [τῶν
809 2863 955 2944 Θηβαίων]
966 2866 1000 2922 81

153 2953 225 3013 κατὰ
248 2953 301 3030 τήν
325 2954 489 3032 συμμαχίην
510 2959 564 3013 τῶν
589 2953 739 3012 Αἰακιδέων
762 2953 807 3011 καὶ
831 2950 954 3030 τρηχέως

152 3042 359 3119 περιεφθέντων
373 3041 428 3101 ὑπό
442 3045 497 3101 τῶν
510 3041 672 3116 Ἀθηναίων,
684 3040 760 3101 αὖτις
772 3039 812 3118 [οἶ
820 3037 957 3117 Θηβαῖοι]

153 3130 321 3208 πέμψαντες,
336 3130 401 3192 τούς
420 3132 472 3206 μὲν
490 3129 622 3188 Αἰακίδας
643 3133 700 3199 σφι
720 3124 889 3182 ἀπεδίδοσαν
903 3128 958 3182 τῶν

153 3219 183 3278 δὲ
197 3219 305 3295 ἀνδρῶν
319 3218 437 3277 ἐδέοντο·
459 3219 606 3295 Αἰγινῆται
627 3212 664 3278 δὲ,
680 3210 837 3285 εὐδαιμονίῃ
858 3234 889 3266 Τ(
909 3232 957 3282 με·

153 3307 230 3387 γόλη
252 3305 425 3382 ἐπαρθέντες,
442 3304 487 3361 καὶ
508 3301 608 3377 ἔχθρης
629 3299 751 3365 παλαιῆς
767 3291 957 3366 ἀναμνησθέν-
