2276 3554
199 173 247 221 106
502 171 685 221 ἨΡΟΔΟΤΟΤ
936 169 999 236 [VI.

199 251 362 328 ἀπικόμενοι
387 256 443 328 πῦρ
459 276 491 310 τε
508 252 600 312 αἴτεον
621 251 667 310 καὶ
691 250 923 329 ἐπελαμβάνοντο
946 255 1002 313 τῶν

199 344 276 398 νεῶν.

154 429 210 486 114
254 427 312 486 Καὶ
328 430 412 488 τοῦτο
426 430 478 504 μὲν
491 431 520 487 ἐν
532 426 620 507 τούτῳ
637 431 675 506 τῷ
693 426 769 506 πόνῳ
787 426 803 487 ἀ
820 427 1003 507 πολέμαρχος

203 516 391 595 Καλλίμαχος
414 516 611 592 διαφθείρεται,
630 514 700 592 ἀνὴρ
719 516 866 597 γενόμενος
886 515 999 596 ἀγαθὸς,

200 601 256 663 ἀπά
270 603 293 662 δ’
308 604 386 664 ἔθανε
396 608 451 664 τῶν
461 607 626 684 στρατηγῶν
637 605 797 680 Στησίλεως
810 603 826 663 ἀ
837 603 1002 680 Θρασύλεω·

199 695 283 751 τοῦτο
301 691 331 750 δὲ
347 692 529 774 Κυναίγειρος
542 691 559 752 ἀ
572 691 751 769 Εὐφορίωνος
764 692 890 764 ἐνθαῦτα,
905 696 1003 751 ἐπιλα-

200 779 392 856 βόμενος’τῶν
410 779 566 856 ἀφλάστων
584 780 657 855 νηάς,
678 779 731 856 τὴν
747 783 830 857 χεῖρο
850 779 1005 845 ἀποκοπεὶς

200 869 313 928 πελέκεϊ
325 869 429 928 πίπτει·
450 873 533 928 τοῦτο
548 868 577 927 δέ
591 866 676 927 ἄλλοι
688 866 842 943 Ἀθηναίων
855 870 965 927 πολλοί
971 895 1004 929 τε

155 957 211 1014 115
223 957 269 1015 καὶ
282 955 445 1034 ὀνομαστοί,
469 955 560 1016 ‘End
567 958 619 1034 μὲν
627 955 661 1032 δή
670 960 725 1016 τῶν
733 959 800 1016 νεῶν
809 955 1005 1033 ἐπεκράτησαν

200 1044 294 1124 τρόπῳ
312 1045 428 1126 τοιούτῳ
444 1044 598 1121 Ἀθηναῖοι·
619 1048 687 1123 τῇσι
704 1044 733 1103 δέ
749 1047 869 1122 λοιπῇσι
885 1047 912 1102 οἱ
929 1044 1005 1122 βάρ-

199 1133 287 1210 βαροι
314 1132 589 1211 ἐξανακρουσάμενοι,
616 1133 662 1191 καὶ
688 1131 879 1208 ἀναλαβόντες
900 1137 931 1191 ἐκ
952 1138 1005 1210 τῆς

201 1219 290 1296 νήσου
314 1226 343 1281 ἐν
368 1226 404 1302 τῇ
428 1224 525 1281 ἔλιπον
551 1220 587 1281 τά
614 1221 646 1290 ἐξ
669 1219 810 1298 Ἐρετρίης
833 1220 1003 1298 ἀνδράποδα,

200 1311 373 1386 περιέπλωον
387 1310 502 1374 Σούνιον
514 1307 686 1386 βουλόμενοι
706 1309 812 1384 φθῆναι
829 1308 895 1371 τούς
917 1307 1004 1385 Ἀθη-

201 1397 293 1460 ναίους
318 1396 481 1474 ἀπικόμενοι
503 1402 530 1461 ἐς
552 1397 585 1457 τό
613 1395 695 1456 ἀστυ·
725 1397 800 1472 αἰτίη
827 1395 856 1454 δέ
883 1398 951 1476 ἐσχε
973 1402 1004 1458 ἐν

199 1482 374 1560 Ἀθηναίοισι
389 1486 420 1556 ἐξ
430 1485 668 1563 Ἀλκμαιωνιδέων
680 1488 808 1564 μηχανῆς
822 1484 923 1548 αὐτούς
936 1489 1003 1544 ταῶ·

199 1598 235 1631 τα
266 1575 453 1650 ἐπινοηθῆναι·
483 1573 598 1637 τούτους
625 1573 681 1654 γάρ
712 1561 897 1649 συνθεμένους
924 1577 1003 1634 τοῖσι

201 1661 335 1739 Πέρσῃσι
350 1660 480 1732 ἀναδέξαι
495 1660 611 1732 ἀσπίδα,
625 1665 704 1720 ἐοῦσι
718 1659 771 1737 ἤδη
785 1666 814 1720 ἐν
826 1665 894 1739 τῇσι
909 1663 1002 1736 νηυσί.

154 1749 210 1807 116
221 1745 309 1808 Οὗτοι
324 1753 375 1826 μὲν
389 1750 423 1827 δὴ
437 1751 610 1828 περιέπλωον
626 1749 751 1814 Σούνιον·
765 1748 909 1825 Ἀθηναῖοι
923 1749 952 1808 δέ
966 1749 1002 1814 ῶς

199 1837 292 1898 ποδῶν
319 1838 395 1918 εἶχον
421 1837 543 1917 τάχιστα
571 1837 708 1914 ἐβοήθεον
732 1843 760 1900 ἐς
785 1837 819 1896 τό
842 1835 924 1896 ἀστυ·
955 1839 1002 1898 καὶ

199 1925 328 2002 ἐφθησάν
340 1953 371 1986 τε
384 1926 547 2004 ἀπικόμενοι
557 1927 623 2003 πρὶν
632 1924 650 2002 ἢ
660 1926 725 1988 τούς
736 1924 904 2002 βαρβάρους
915 1924 1001 2002 ἥκειν,

199 2013 245 2072 καὶ
259 2015 551 2092 ἐστρατοπεδεύσαντο
564 2013 712 2095 ἀπιγμένοι
726 2014 757 2083 ἐξ
768 2013 942 2090 Ἠρακληίου
951 2019 1002 2074 τοῦ

198 2107 227 2162 ἐν
240 2105 395 2180 Μαραθῶνι
409 2109 438 2162 ἐν
451 2103 531 2211 ἄλλῳ
543 2102 705 2181 Ἡρακληΐῳ
718 2105 757 2181 τῷ
770 2107 799 2161 ἐν
815 2101 1001 2183 Κυνοσάργεϊ.

198 2217 225 2249 οι
249 2190 279 2248 δε
302 2191 507 2268 βάρβαροι
471 2217 539 2269 πησι
555 2191 646 2304 νηυσὶ
673 2190 922 2267 ύπεραιωρηθεντες
945 2197 1002 2250 Φα-

199 2277 297 2388 ληρου,
315 2278 465 2358 (τοῦτο
427 2305 483 2386 γαρ
501 2278 536 2355 ἦν
550 2281 668 2339 ἐπίνειον
680 2278 745 2340 τότε
757 2282 813 2338 τῶν
825 2277 1002 2360 Ἀθηναίων,)

197 2391 266 2474 υπερ
289 2365 390 2425 τούτου
417 2366 661 2445 ἀνακωχεύσαντες
682 2365 733 2430 πάς
756 2392 824 2442 νηας
850 2365 1001 2427 ἀπέπλωον

200 2451 293 2512 ὀπίσω
306 2457 333 2516 ἐς
345 2480 398 2530 την
410 2453 521 2530 Ἀσίην.

151 2541 206 2601 117
249 2539 298 2600 Ἐν
314 2541 402 2621 ταύτῃ
419 2547 455 2622 τῇ
473 2548 503 2602 ἐν
519 2542 672 2620 Μαραθῶνι
692 2540 771 2620 μάχη
790 2541 931 2602 ἀπέθανον
945 2545 1002 2604 τῶν

195 2628 352 2706 βαρβάρων
368 2631 438 2690 κατά
458 2631 664 2710 ἑξακισχιλίους
681 2631 726 2689 καὶ
743 2631 941 2708 τετρακοσίους
955 2629 1001 2691 ἀν·

198 2716 271 2793 δρας,
298 2716 452 2794 Ἀθηναίων
478 2718 508 2777 δέ
535 2718 634 2778 ἑκατόν
661 2717 839 2794 ἐννειήκοντα
867 2718 913 2776 καὶ
941 2717 1000 2779 δύο·

196 2805 298 2865 ἔπεσον
315 2808 367 2882 μέν
385 2806 552 2882 ἀμφοτέρων
569 2810 711 2866 τοσοῦτοι.
753 2805 897 2881 συιήνεικε
910 2805 940 2864 δέ
953 2806 1000 2866 ού·

194 2892 258 2952 τόθι
275 2895 355 2970 θῶμα
374 2894 506 2974 γενέσθαι
522 2892 638 2953 τοιόνδε·
659 2892 809 2969 Ἀθηναῖον
823 2892 909 2970 ἄνδρα
922 2893 1000 2954 Ἐπί·

195 2981 282 3055 ζηλον
297 2980 346 3040 τάν
366 2980 558 3062 Κουφαγόρεω
577 2985 606 3040 ἐν
623 2984 658 3059 τῇ
679 2981 821 3040 συστάσει
838 2981 1001 3060 μαχόμενόν

194 3092 224 3125 τε
240 3068 286 3124 καὶ
299 3065 385 3143 ἀνδρα
400 3067 546 3148 γινόμενον
563 3067 669 3146 ἀγαθῶν
686 3073 741 3127 τῶν
754 3068 886 3145 ἀμμάτων
899 3095 1000 3147 στερη-

194 3155 284 3227 θῆναι,
302 3152 364 3212 οίιτε
382 3156 526 3234 πληγέντα
543 3154 621 3214 οὐδὲν
634 3160 685 3214 τοῦ
698 3155 829 3231 σώματος
847 3155 911 3216 οὔτε
924 3160 1000 3235 βλη-

195 3241 287 3299 θέντα·
304 3240 349 3298 καὶ
362 3241 396 3299 τό
408 3239 511 3299 λοιπῶν
523 3245 573 3316 τῆς
585 3241 650 3317 ζόης
663 3243 814 3303 διατελέειν
827 3243 884 3304 ἀπά
897 3245 1001 3306 τούτου

193 3329 244 3385 τοῦ
256 3324 359 3404 χρόνου
372 3326 454 3387 ἐόντα
470 3327 591 3403 τυφλόν.
627 3330 718 3410 λέγειν
732 3330 857 3392 δέαύτάν
870 3333 1001 3410 περὶτοῦ
