2250 3552
128 155 236 222 30-33]
438 155 625 204 ΚΑΑΑῙΟῙῙΗ.
683 157 685 162 ’
880 153 925 203 297

126 240 163 300 τά
173 235 318 314 Ἑλλήνων
331 236 421 313 ηὖξον,
436 237 501 312 περὶ
514 235 565 294 τὸν
579 232 754 311 Παρνησσόν
768 231 930 310 κατειλημέ-

127 354 180 388 νοι·
198 327 244 385 καὶ
255 325 379 386 ἐνθεῦτεν
389 322 568 400 ίρμειίμενοι,
579 321 679 400 ἔφερόν
692 347 723 383 τε
737 323 783 380 καὶ
796 321 867 402 ἦγον
879 321 930 396 τήν

127 441 159 475 τε
176 413 337 491 Μαρδονίου
356 413 491 489 στρατιήν
509 414 554 470 καὶ
571 412 634 474 τούς
655 410 714 488 μετ’
731 410 816 470 αὐτοῦ
837 410 931 472 ἐόντας

128 503 283 578 Ἑλλήνων·
305 501 382 570 ἔταξε
400 501 428 559 δὲ
448 500 493 558 καὶ
511 499 674 562 Μακεδόνας
687 526 717 559 τε
732 500 778 558 καὶ
790 499 855 561 τούς
867 498 931 575 περὶ

129 591 295 666 Θεσσαλίην
309 590 469 665 οἰκημένους
484 587 553 647 κατά
572 589 636 654 τούς
648 587 819 664 Ἀθηναίους.
862 591 931 644 Ταῦ·
942 587 979 644 32

130 705 166 738 τα
183 682 235 755 μὲν
253 683 307 737 τῶν
327 678 424 737 ἐθνέων
442 677 478 737 τά
495 679 616 757 μέγιστα
635 676 790 753 ὁνόμασται
809 679 863 734 τῶν
879 674 933 734 find

132 767 292 845 Μαρδονίου
316 767 481 844 ταχθέντων,
508 766 595 842 τάπερ
617 763 827 840 ἐπιφανέστατά
847 789 877 823 τε
897 762 932 838 ἦν

132 857 178 915 καὶ
199 855 287 937 λόγου
310 856 456 914 πλείστου·
481 859 584 930 ἐνῆσαν
605 855 634 913 δὲ
655 855 700 912 καὶ
720 853 816 912 ἄλλων
837 853 934 911 ἐθνέων

132 943 228 1020 ἄνδρες
246 943 472 1024 ἀναμεμιγμένοι,
488 947 604 1022 Φρυγῶν
624 969 655 1002 τε
674 943 719 1001 καὶ
737 941 871 1018 Θρηίκων,
890 940 935 997 καὶ

133 1035 242 1091 Μυσῶν
262 1057 293 1090 τε
315 1031 361 1089 καὶ
380 1030 515 1104 Παιόνων,
535 1031 580 1089 καὶ
598 1035 652 1090 τῶν
668 1029 773 1089 ἄλλων·
795 1033 824 1088 ἐν
843 1029 872 1086 δὲ
891 1029 936 1086 καὶ

134 1119 276 1179 Αἰθιόπων
291 1145 322 1178 τε
339 1119 385 1177 καὶ
405 1119 562 1199 Αἰγυπτίων
581 1118 623 1199 (οἵ
640 1145 671 1178 τε
691 1116 875 1194 Ἑρμοτύβιες
892 1115 937 1174 καὶ

134 1211 161 1266 οἱ
177 1208 350 1284 Καλασίριες
364 1206 539 1286 καλεόμενοι)
549 1206 767 1285 μαχαιροφόροι·
789 1205 868 1281 οἵπερ
883 1204 938 1262 εἰσὶ

136 1297 294 1376 Αἰγυπτίων
307 1301 406 1372 μοῦνοι
419 1294 548 1374 μάχιμοι·
570 1295 683 1358 τούτους
699 1295 728 1354 δὲ
745 1297 784 1353 ἐτι
804 1299 832 1352 ἐν
845 1291 939 1368 Φαλή-

134 1412 173 1464 ρω
188 1385 239 1444 ε’ων
252 1384 308 1444 άπό
318 1411 373 1444 των
384 1389 455 1460 νηῶν
467 1384 718 1460 άπεβιβάσατο,”
690 1409 783 1446 εοντας
794 1381 940 1459 ἐπιβάτας

137 1499 169 1532 ου
197 1499 252 1580 γρρ
281 1472 478 1584 ἐτάχθησαν’
466 1499 493 1534 ες
516 1472 565 1531 τάν
589 1473 641 1543 πεζ
626 1472 673 1543 ζόν
698 1471 748 1532 τόν
770 1469 828 1548 ἅμα
850 1471 940 1549 Ξέρξη

137 1559 306 1638 άπικάμενον
320 1565 346 1623 ἐς
359 1559 479 1635 Αθήνας
493 1559 650 1640 Αἰγύπτιοι.
690 1564 744 1619 τῶν
756 1563 807 1636 μὲν
821 1558 856 1635 δη
869 1560 940 1636 βαρ-

135 1648 233 1726 βάρων
259 1647 333 1724 ἦσαν
354 1647 502 1725 τριήκοντα
526 1648 662 1726 μυριάδες,
685 1648 720 1711 ὥς
740 1649 785 1707 καὶ
806 1647 941 1725 πρότερον

136 1736 300 1811 δεδήλωται·
321 1741 375 1795 τῶν
389 1737 418 1794 δὲ
430 1735 575 1812 Ἑλλήνων
588 1741 642 1796 τῶν
656 1737 815 1813 Μαρδονίου
830 1733 941 1810 συμμά-

137 1851 195 1903 χων
205 1824 262 1883 οἶδε
275 1827 327 1901 μὲν
336 1823 423 1887 οὐδεὶς
433 1823 561 1901 ἀριθμόν·
576 1823 608 1883 οὐ
619 1823 675 1904 γάρ
687 1823 723 1883 ὧν
733 1821 940 1900 ἠριθμήθησαν·

137 1912 173 1975 ὥς
200 1913 229 1971 δὲ
257 1912 410 1982 ἐπεικάσαι,
439 1919 466 1976 ἐς
493 1914 575 1973 πέντε
604 1912 738 1990 μυριάδας
767 1914 941 1991 συλλεγῆναι

107 2045 111 2053 .
138 2001 244 2072 εἰκάζω.
287 1997 363 2061 οὗτοι
384 2005 410 2060 οἶ
430 2003 654 2080 παραταχθέντες
674 2000 752 2070 πεζοὶ
772 1999 856 2076 ἦσαν·
877 1998 942 2075 ἡδὲ

140 2090 225 2152 ἵππος
238 2090 321 2168 χωρὶς
335 2090 469 2150 ἐτέτακτο.

178 2177 226 2240 Ὡς
249 2178 278 2237 δὲ
298 2177 352 2254 ἄρα
374 2177 474 2240 πάντες
496 2203 523 2236 οι
544 2185 694 2256 ἐτετάχατο
717 2175 786 2235 κατά
810 2201 841 2234 τε
863 2176 942 2235 ἔθνεα
951 2177 988 2233 33

139 2265 268 2325 καὶκατὰ
287 2267 380 2336 τέλεα,
400 2265 518 2325 ἐνθαῦτα
536 2269 571 2344 τῇ
592 2265 704 2344 δευτέρη
719 2263 809 2342 ἡμέρῃ
827 2263 941 2324 ἐθύοντο

139 2355 185 2411 καὶ
200 2353 366 2429 ἀμφότεραι.
403 2351 530 2430 Ἕλλησι
549 2355 601 2430 μὲν
621 2353 777 2430 Τισαμενός
797 2353 942 2432 Ἀντιόχου

139 2441 175 2517 ἦν
197 2441 212 2500 ὁ
234 2441 376 2518 θυόμενος·
409 2438 488 2504 οὗτος
508 2441 563 2522 γάρ
585 2439 618 2516 δὴ
641 2443 732 2502 εἵπετο
753 2446 791 2520 τῷ
811 2440 942 2519 στρατεύ-

139 2555 206 2606 ματι
226 2528 313 2608 τούτῳ
329 2528 436 2606 μάντις·
462 2529 520 2598 τόν,
542 2529 622 2589 ε’άντα
645 2529 760 2590 Ἠλεῖον
782 2531 827 2588 καὶ
850 2531 943 2609 γένεος

139 2622 190 2677 τοῦ
206 2617 349 2694 Ἰαμιδέων
363 2617 532 2693 Κλυτιάδην,
547 2618 759 2695 Λακεδαιμόνιοι
775 2617 943 2692 ἐποιήσαντο

139 2706 344 2783 λεωσφέτερον·
366 2710 510 2784 Τισαμενῷ
532 2705 586 2786 γάρ
608 2705 801 2782 μαντευομένῳ
824 2709 853 2763 ἐν
871 2709 942 2762 Δελ-

140 2798 224 2870 φοῖσι
251 2793 315 2870 περὶ
340 2793 433 2876 γόνου,
461 2793 552 2853 άνεῖλε
579 2794 598 2869 ηι
627 2795 719 2869 Πυθίη
747 2792 854 2872 άγῶνας
880 2791 944 2855 τοιίς

140 2883 292 2963 μεγίστους
310 2882 514 2960 ἀναιρήσεσθαι
536 2886 626 2943 πέντε·
648 2881 664 2942 ό
686 2884 737 2958 μὲν
759 2881 792 2956 δὴ
814 2880 944 2958 οἶμαρτοίν

141 2974 192 3030 τοῦ
206 2971 387 3049 χρηστηρίου,
402 2975 537 3050 προσεῖχε
550 2971 733 3052 γυμνασίοισι
747 2969 782 3032 ὦς
796 2968 944 3046 άναιρησά·

141 3085 223 3135 μενος
249 3059 399 3139 γυμνικοιίς
426 3059 543 3140 άγῶνας·
583 3059 689 3118 ἀσκέων
717 3059 746 3117 δὲ
773 3057 943 3118 πεντάεθλον

142 3146 219 3223 παρά
235 3147 264 3206 ἐν
277 3146 430 3223 πάλαισμα
449 3148 548 3224 ἔδραμε
562 3152 639 3207 νικᾶν
653 3145 841 3223 Ὀλυμπιάδα,
857 3145 944 3221 Ἱερω-ι

142 3233 218 3313 νύμῳ
239 3239 277 3313 τῷ
297 3235 412 3314 Ἀνδρίῳ
435 3234 525 3294 ἐλθοίν
547 3239 574 3296 ἐς
595 3235 660 3310 ἔριν·
682 3231 895 3309 Λακεδαιμόνιοι
915 3232 946 3290 δὲ

144 3324 278 3399 μαθόντες
296 3323 346 3381 οὐκ
366 3328 393 3385 ἐς
413 3322 561 3402 γυμνικοὺς
578 3320 643 3378 ἀλλ’
660 3325 687 3383 ἐς
706 3319 817 3396 οἶρηΐους
839 3318 946 3400 ἀγῶνας
