2258 3568
582 15 617 86 8.

178 146 212 202 72
488 145 670 196 τινοιοτοτ
919 145 984 210 [v1.

183 231 211 286 οἶ
223 228 410 305 Λαμψακηνοὶ
431 227 607 305 λοχήσαντες
627 228 752 302 αἱρέουσι
769 227 880 308 ζωγρίῃ·
901 225 935 302 ἦν
954 227 988 286 δέ

182 314 199 375 ό
220 315 379 390 Μιλτιάδης
396 315 511 393 Κροίσῳ
530 317 569 392 τῷ
589 313 669 392 Λυδῷ
689 318 718 373 ἐν
739 313 835 395 γνώμη
854 313 987 394 γεγονός·

185 403 341 480 πυθόμενος
355 402 391 462 ὧν
405 402 420 461 ὁ
435 407 561 480 Κροῖσος
573 406 668 471 ταῦτα,
683 403 800 479 πέμπων
812 402 988 482 προηγόρευε

180 496 258 552 τοῖσι
279 495 498 568 Λαμψακηνοῖσι
516 491 638 568 μετιέναι
657 489 825 550 Μιλτιάδεα·
847 494 871 548 εἰ
888 489 917 549 δέ
934 491 985 568 μή,

182 582 275 655 σφέας
296 581 392 643 πίτυος
413 578 518 656 τρόπον
539 578 652 638 ἀπείλεε
670 581 816 656 ἐκτρίψειν·
838 582 985 656 πλανωμέ-

183 693 236 728 νων
255 669 284 727 δέ
302 672 357 728 τῶν
371 671 569 746 Λαμψακηνῶν
583 673 612 727 ἐν
625 671 702 726 τοῖσι
721 667 842 748 λόγοισι,
856 667 890 727 τό
907 669 983 753 θέλεη

181 757 214 817 τό
229 758 293 820 ἔπος
309 755 378 816 εἶναι
390 755 424 816 τό
438 762 494 832 σφι
515 754 669 831 ἀπείλησεν
682 755 698 814 ό
713 759 846 832 Κροῖσος,
861 766 878 791 “
887 757 986 819 πίτυος

181 843 285 920 τρόπον
300 843 462 922 ἐκτρίψειν,”
476 844 558 924 μόγις
572 847 635 904 κοτέ
651 844 747 922 μαθιδν
767 847 822 903 ταῖν
837 871 880 908 τις
897 871 985 921 πρεσ-

183 935 308 1009 βυτέρων
326 932 386 992 εἶπε
408 933 441 992 τό
464 933 517 1001 ἐὰν,
538 931 581 991 ὅτι
597 933 677 994 πίτυς
695 931 783 1008 μούνη
799 932 909 992 πάντων
926 933 985 992 δεν-

182 1022 266 1098 δρέων
281 1025 432 1080 ἐκκοπεῖσα
445 1020 578 1093 βλαστεῖν
589 1019 687 1079 οὐδένα
700 1022 795 1095 μετίει,
807 1020 883 1079 α’λλά
893 1022 984 1081 πανοί-

182 1111 282 1187 λεθρος
305 1109 502 1179 ἐξαπόλλυται·
528 1109 668 1170 δείσαντες
688 1107 723 1168 ὧν
747 1112 772 1167 οἱ
795 1111 983 1185 Λαμψακηνοὶ

135 1201 172 1258 38
184 1203 317 1276 Κροῖσον,
332 1199 468 1260 λύσαντες
481 1201 603 1274 μετῆκαν
618 1195 785 1256 Μιλτιάδεα.
828 1195 919 1259 Οὗτος
931 1200 984 1274 μὲν

182 1287 215 1362 δή
237 1287 283 1346 διά
303 1291 429 1363 Κροῖσον
452 1286 590 1366 ἐκφεύγει·
611 1284 683 1361 μετά
704 1285 741 1355 δέ,
760 1288 877 1364 τελευτᾷ.
900 1285 984 1349 ἅπαις

181 1375 233 1450 τήν
252 1374 341 1453 άρχήν
354 1399 385 1432 τε
400 1374 446 1432 καὶ
458 1373 494 1432 τά
508 1373 639 1452 χρήματα
658 1373 798 1450 παραδοῦς
812 1374 983 1454 Στησαγόρῃ

181 1468 219 1542 τῷ
233 1465 361 1539 Κίμωνος
375 1461 515 1537 άδελφεοῦ
528 1462 607 1521 παιδὶ
623 1461 805 1538 ὁμομητρίου·
828 1463 875 1521 καί
894 1465 921 1522 οἱ
940 1489 982 1521 τε·

181 1550 349 1626 λευτήσαντι
364 1541 573 1626 Χερσονησῖται
588 1550 694 1622 θύουσι,
711 1549 746 1612 οἷς
760 1549 843 1626 νόμος
862 1554 981 1628 οἰκιστῇ,

182 1641 228 1698 καὶ
248 1638 342 1720 άγιῖνα
362 1637 475 1697 ἱππικόν
492 1664 523 1696 τε
542 1639 587 1696 καὶ
605 1638 738 1719 γυμνικόν
755 1641 889 1697 ἐπιστᾶσι
903 1643 982 1717 ἐντῷ

181 1731 378 1806 Λαμψακηνῶν
401 1725 490 1786 οὐδενὶ
511 1726 648 1807 ἐγγίνεται
670 1725 862 1807 ἀγωνίζεσθαι.
897 1726 981 1784 πολέ-

181 1843 236 1892 μου
257 1817 286 1874 δέ
302 1815 394 1878 ἐόντος
412 1815 482 1892 πρός
498 1813 715 1892 Λαμψακηνοῖς,
736 1816 781 1873 καὶ
797 1815 981 1896 Στησαγόρεα

182 1906 324 1980 κατέλαβε
341 1904 491 1963 ἀποθανεῖν
504 1902 617 1972 άπαιδα,
632 1904 776 1983 πληγέντα
789 1903 840 1977 τήν
854 1903 982 1978 κεφαλήν

180 1995 292 2052 πελέκεϊ
306 1998 335 2052 ἐν
347 1997 385 2071 τῷ
398 1992 555 2071 πρυτανηίῳ
569 1992 639 2068 πρός
651 1991 749 2068 άνδρὸς
760 1990 920 2068 αὐτομόλου
930 1993 982 2067 μὲν

181 2081 309 2162 τῷλόγῳ
327 2082 464 2156 πολεμίου
481 2080 510 2138 δὲ
527 2081 572 2138 καὶ
588 2079 812 2157 ὑποθερμοτέρου
825 2083 863 2159 τῷ
878 2080 957 2161 ἔργῳ.

136 2172 171 2227 39
222 2169 447 2243 Τελευτήσαντος
460 2169 489 2227 δέ
509 2168 554 2226 καὶ
572 2168 758 2250 Στησαγόρεω
771 2169 864 2248 τρόπῳ
876 2168 980 2248 τοιῷδε,

182 2257 301 2316 ἐνθαῦτα
325 2256 483 2315 Μιλτιάδεα
506 2256 556 2316 τόν
580 2256 717 2332 Κίμωνος,
743 2256 930 2337 Στησαγόρεω
952 2258 982 2316 δὲ

181 2347 231 2403 τοῦ
255 2343 474 2418 τελευτήσαντος
498 2343 645 2420 ἀδελφεόν,
672 2343 925 2422 καταλαμψόμενον
945 2347 982 2406 τά

181 2431 333 2512 πρήγματα
357 2433 402 2490 ἐπὶ
425 2433 612 2509 Χερσονήσου
635 2424 854 2492 ἀποστέλλουσι’
875 2433 983 2511 τριήρεῖ

181 2524 208 2580 οῖ
222 2522 464 2597 Πεισιστρατίδαι·
486 2521 515 2580 οῖ
533 2547 582 2597 μιν
601 2521 646 2579 καὶ
665 2525 693 2579 ἐν
713 2519 851 2599 Ἀθήνῃσι
873 2521 983 2582 ἐποίευν

182 2607 219 2678 εὖ,
245 2610 280 2672 οἷς
305 2607 337 2668 οὗ
362 2609 517 2672 συνειδότες
544 2609 627 2684 δῆθεν
649 2612 700 2668 τοῦ
724 2610 829 2687 πατρός
854 2609 982 2685 Κίμωνος

181 2695 267 2756 αὖτοῦ
280 2697 329 2758 τόν
344 2697 470 2768 θάνατον,
485 2697 534 2757 τόν
549 2695 602 2777 ἐγώ
617 2702 645 2756 ἐν
659 2696 739 2777 ἄλλῳ
754 2698 830 2779 λόγῳ
851 2698 982 2772 σημανέω

181 2784 217 2848 ὦς
233 2788 351 2866 ἐγένετο.
394 2785 552 2861 Μιλτιάδης
566 2786 595 2844 δέ
611 2784 778 2860 ἀπικόμενος
799 2790 826 2847 ἐς
845 2783 897 2860 τήν
910 2791 981 2861 Χερ-

182 2874 308 2950 σόνησον
322 2875 379 2954 είχε
394 2872 452 2933 κατ’
468 2875 566 2943 οἴκους,
581 2874 629 2932 τόν
643 2873 783 2947 ἀδελφεόν
798 2873 981 2954 Στησαγόρεα

182 2963 289 3038 δηλαδή
304 2963 458 3038 ἐπιτιμέων·
480 2965 506 3021 οἱ
520 2962 549 3021 δέ
560 2966 768 3038 Χερσονησῖται
780 2961 981 3036 πυνθανόμενοι

181 3055 277 3120 ταῦτα,
300 3051 513 3128 συνελέχθησαν
537 3049 592 3108 άπό
614 3051 726 3108 πασέων
749 3053 804 3109 τῶν
826 3051 933 3109 πολίων
954 3054 981 3110 οῖ

182 3137 393 3199 δυναστεύοντες
406 3137 552 3197 πάντοθεν·
574 3141 654 3215 κοινῷ
668 3137 697 3194 δὲ
711 3137 806 3217 στόλῳ
817 3136 982 3214 ἀπικόμενοι

184 3223 218 3285 οἷς
234 3223 529 3299 συλλυπηθησόμενοι,
549 3225 685 3300 ἐδέθησαν
704 3224 751 3283 ὕπ’
768 3224 862 3285 αὐτοῦ.
905 3230 981 3285 Μιλ-

182 3309 275 3384 τιάδης
295 3336 326 3368 τε
347 3311 380 3385 δή
401 3312 476 3388 ἴσχει
495 3311 547 3385 τήν
565 3311 757 3388 Χερσόνησον,
779 3315 978 3379 πεντακοσίοις
