<?xml version="1.0" encoding="UTF-8"?>
<!DOCTYPE html PUBLIC "-//W3C//DTD XHTML 1.0 Transitional//EN"
    "http://www.w3.org/TR/xhtml1/DTD/xhtml1-transitional.dtd">
<html xmlns="http://www.w3.org/1999/xhtml" xml:lang="en" lang="en">
 <head>
  <title>
</title>
<meta http-equiv="Content-Type" content="text/html;charset=utf-8" />
  <meta name='ocr-system' content='tesseract 3.04.00' />
  <meta name='ocr-capabilities' content='ocr_page ocr_carea ocr_par ocr_line ocrx_word'/>
</head>
<body>
  <div class='ocr_page' id='page_1' title='image "./herodotusrecens00blakgoog_0065.png"; bbox 0 0 2258 3568; ppageno 0'>
   <div class='ocr_carea' id='block_1_1' title="bbox 89 135 982 3210">
    <p class='ocr_par' dir='ltr' id='par_1_1' title="bbox 128 135 982 742">
     <span class='ocr_line' id='line_1_1' title="bbox 131 135 933 205; baseline 0.009 -17"><span class='ocrx_word' id='word_1_1' title='bbox 131 142 273 205; x_wconf 74' lang='grc' dir='ltr'>ιιι-ιιι]</span> <span class='ocrx_word' id='word_1_2' title='bbox 442 135 646 192; x_wconf 66' lang='lat' dir='ltr'><strong>mmmm.</strong></span> <span class='ocrx_word' id='word_1_3' title='bbox 903 144 933 195; x_wconf 79' lang='lat'>⁵⁷</span> 
     </span>
     <span class='ocr_line' id='line_1_2' title="bbox 129 217 932 305; baseline 0.005 -26"><span class='ocrx_word' id='word_1_4' title='bbox 129 217 240 279; x_wconf 79' lang='grc' dir='ltr'>Ἰλιάδα</span> <span class='ocrx_word' id='word_1_5' title='bbox 252 223 391 298; x_wconf 91' lang='grc' dir='ltr'>νέμονται,</span> <span class='ocrx_word' id='word_1_6' title='bbox 406 223 463 283; x_wconf 84' lang='grc' dir='ltr'>είλε</span> <span class='ocrx_word' id='word_1_7' title='bbox 477 223 506 282; x_wconf 79' lang='grc' dir='ltr'>δὲ</span> <span class='ocrx_word' id='word_1_8' title='bbox 520 224 656 305; x_wconf 78' lang='grc' dir='ltr'>Γέργιθας</span> <span class='ocrx_word' id='word_1_9' title='bbox 668 223 733 287; x_wconf 84' lang='grc' dir='ltr'>τούς</span> <span class='ocrx_word' id='word_1_10' title='bbox 746 223 932 299; x_wconf 85' lang='grc' dir='ltr'>ύπολειφθέν·</span> 
     </span>
     <span class='ocr_line' id='line_1_3' title="bbox 128 309 933 390; baseline 0.005 -22"><span class='ocrx_word' id='word_1_11' title='bbox 128 334 180 372; x_wconf 89' lang='grc' dir='ltr'>τας</span> <span class='ocrx_word' id='word_1_12' title='bbox 200 313 256 369; x_wconf 77' lang='grc' dir='ltr'>τῶν</span> <span class='ocrx_word' id='word_1_13' title='bbox 277 309 397 390; x_wconf 89' lang='grc' dir='ltr'>οἶρχαίων</span> <span class='ocrx_word' id='word_1_14' title='bbox 411 315 546 388; x_wconf 80' lang='grc' dir='ltr'>Τευκρῶν·</span> <span class='ocrx_word' id='word_1_15' title='bbox 569 310 652 374; x_wconf 84' lang='grc' dir='ltr'>αύτός</span> <span class='ocrx_word' id='word_1_16' title='bbox 671 338 703 370; x_wconf 90' lang='grc' dir='ltr'>τε</span> <span class='ocrx_word' id='word_1_17' title='bbox 715 311 817 388; x_wconf 73' lang='grc' dir='ltr'>ΙΥμέης</span> <span class='ocrx_word' id='word_1_18' title='bbox 836 313 933 388; x_wconf 78' lang='grc' dir='ltr'>αἱρέων</span> 
     </span>
     <span class='ocr_line' id='line_1_4' title="bbox 128 397 982 479; baseline 0.004 -23"><span class='ocrx_word' id='word_1_19' title='bbox 128 401 219 456; x_wconf 79' lang='grc' dir='ltr'>ταῦτα</span> <span class='ocrx_word' id='word_1_20' title='bbox 232 398 268 456; x_wconf 85' lang='grc' dir='ltr'>τοὶ</span> <span class='ocrx_word' id='word_1_21' title='bbox 282 399 361 458; x_wconf 83' lang='grc' dir='ltr'>ἔθνεα</span> <span class='ocrx_word' id='word_1_22' title='bbox 375 400 466 479; x_wconf 82' lang='grc' dir='ltr'>νούσῳ</span> <span class='ocrx_word' id='word_1_23' title='bbox 479 403 597 478; x_wconf 73' lang='grc' dir='ltr'>τελευτᾷ</span> <span class='ocrx_word' id='word_1_24' title='bbox 610 405 639 458; x_wconf 88' lang='grc' dir='ltr'>ἐν</span> <span class='ocrx_word' id='word_1_25' title='bbox 652 403 687 478; x_wconf 73' lang='grc' dir='ltr'>τῇ</span> <span class='ocrx_word' id='word_1_26' title='bbox 700 399 817 478; x_wconf 79' lang='grc' dir='ltr'>Τρῳάδι.</span> <span class='ocrx_word' id='word_1_27' title='bbox 859 397 912 459; x_wconf 85' lang='grc' dir='ltr'>Οὗ-</span> <span class='ocrx_word' id='word_1_28' title='bbox 924 402 960 460; x_wconf 79' lang='grc'>12</span> <span class='ocrx_word' id='word_1_29' title='bbox 964 403 982 459; x_wconf 85' lang='grc'>3</span> 
     </span>
     <span class='ocr_line' id='line_1_5' title="bbox 128 485 933 566; baseline 0.005 -24"><span class='ocrx_word' id='word_1_30' title='bbox 128 510 178 547; x_wconf 88' lang='grc' dir='ltr'>τος</span> <span class='ocrx_word' id='word_1_31' title='bbox 190 488 243 562; x_wconf 82' lang='grc' dir='ltr'>μὲν</span> <span class='ocrx_word' id='word_1_32' title='bbox 256 485 290 561; x_wconf 77' lang='grc' dir='ltr'><em>δὴ</em></span> <span class='ocrx_word' id='word_1_33' title='bbox 305 485 375 546; x_wconf 77' lang='grc' dir='ltr'>οὕτω</span> <span class='ocrx_word' id='word_1_34' title='bbox 389 487 563 564; x_wconf 88' lang='grc' dir='ltr'>ἐτελεύτησε·</span> <span class='ocrx_word' id='word_1_35' title='bbox 584 487 776 564; x_wconf 76' lang='grc' dir='ltr'>Ἀρταφέρνης</span> <span class='ocrx_word' id='word_1_36' title='bbox 789 488 818 547; x_wconf 84' lang='grc' dir='ltr'>δέ</span> <span class='ocrx_word' id='word_1_37' title='bbox 832 488 848 548; x_wconf 89' lang='grc' dir='ltr'>ό</span> <span class='ocrx_word' id='word_1_38' title='bbox 864 491 933 566; x_wconf 80' lang='grc' dir='ltr'>Σαρ-</span> 
     </span>
     <span class='ocr_line' id='line_1_6' title="bbox 128 571 933 657; baseline 0.006 -27"><span class='ocrx_word' id='word_1_39' title='bbox 128 571 195 632; x_wconf 84' lang='grc' dir='ltr'>δίων</span> <span class='ocrx_word' id='word_1_40' title='bbox 215 571 341 653; x_wconf 80' lang='grc' dir='ltr'>ὕπαρχος</span> <span class='ocrx_word' id='word_1_41' title='bbox 360 576 406 633; x_wconf 91' lang='grc' dir='ltr'>καὶ</span> <span class='ocrx_word' id='word_1_42' title='bbox 418 575 538 651; x_wconf 81' lang='grc' dir='ltr'>Ὀτάνης</span> <span class='ocrx_word' id='word_1_43' title='bbox 551 576 567 635; x_wconf 88' lang='grc' dir='ltr'>ό</span> <span class='ocrx_word' id='word_1_44' title='bbox 581 576 674 652; x_wconf 90' lang='grc' dir='ltr'>τρίτος</span> <span class='ocrx_word' id='word_1_45' title='bbox 694 575 859 657; x_wconf 83' lang='grc' dir='ltr'>στρατηγός,</span> <span class='ocrx_word' id='word_1_46' title='bbox 875 576 933 636; x_wconf 84' lang='grc' dir='ltr'>ἐτό-</span> 
     </span>
     <span class='ocr_line' id='line_1_7' title="bbox 129 661 934 742; baseline 0.005 -23"><span class='ocrx_word' id='word_1_47' title='bbox 129 661 246 738; x_wconf 90' lang='grc' dir='ltr'>χθησαν</span> <span class='ocrx_word' id='word_1_48' title='bbox 264 663 310 720; x_wconf 82' lang='grc' dir='ltr'>ἐπὶ</span> <span class='ocrx_word' id='word_1_49' title='bbox 326 663 378 738; x_wconf 83' lang='grc' dir='ltr'>τήν</span> <span class='ocrx_word' id='word_1_50' title='bbox 398 663 503 739; x_wconf 85' lang='grc' dir='ltr'>Ἰωνίην</span> <span class='ocrx_word' id='word_1_51' title='bbox 526 664 571 722; x_wconf 80' lang='grc' dir='ltr'>καὶ</span> <span class='ocrx_word' id='word_1_52' title='bbox 587 663 638 739; x_wconf 75' lang='grc' dir='ltr'>την</span> <span class='ocrx_word' id='word_1_53' title='bbox 658 665 802 742; x_wconf 87' lang='grc' dir='ltr'>προσεχέα</span> <span class='ocrx_word' id='word_1_54' title='bbox 815 665 934 723; x_wconf 77' lang='grc' dir='ltr'>Αἰολίδα</span> 
     </span>
    </p>

    <p class='ocr_par' dir='ltr' id='par_1_2' title="bbox 89 749 933 916">
     <span class='ocr_line' id='line_1_8' title="bbox 89 749 933 829; baseline 0.005 -22"><span class='ocrx_word' id='word_1_55' title='bbox 89 793 91 796; x_wconf 93' lang='grc'>-</span> <span class='ocrx_word' id='word_1_56' title='bbox 129 749 359 825; x_wconf 88' lang='grc' dir='ltr'>στρατεύεσθαι.’</span> <span class='ocrx_word' id='word_1_57' title='bbox 385 750 489 827; x_wconf 87' lang='grc' dir='ltr'>Ἰωνίης</span> <span class='ocrx_word' id='word_1_58' title='bbox 508 751 561 829; x_wconf 86' lang='grc' dir='ltr'>μέν</span> <span class='ocrx_word' id='word_1_59' title='bbox 582 778 631 812; x_wconf 90' lang='grc' dir='ltr'>νυν</span> <span class='ocrx_word' id='word_1_60' title='bbox 655 752 839 828; x_wconf 78' lang='grc' dir='ltr'>Κλαζομενὰς</span> <span class='ocrx_word' id='word_1_61' title='bbox 861 753 933 829; x_wconf 85' lang='grc' dir='ltr'>αἱρέ-</span> 
     </span>
     <span class='ocr_line' id='line_1_9' title="bbox 129 839 533 916; baseline 0.002 -20"><span class='ocrx_word' id='word_1_62' title='bbox 129 862 203 908; x_wconf 88' lang='grc' dir='ltr'>ουσι,</span> <span class='ocrx_word' id='word_1_63' title='bbox 227 839 350 899; x_wconf 82' lang='grc' dir='ltr'>Αἰολέων</span> <span class='ocrx_word' id='word_1_64' title='bbox 372 840 401 898; x_wconf 84' lang='grc' dir='ltr'>δέ</span> <span class='ocrx_word' id='word_1_65' title='bbox 423 840 533 916; x_wconf 88' lang='grc' dir='ltr'>Κύμην.</span> 
     </span>
    </p>

    <p class='ocr_par' dir='ltr' id='par_1_3' title="bbox 128 925 981 1799">
     <span class='ocr_line' id='line_1_10' title="bbox 170 925 981 1009; baseline 0.005 -25"><span class='ocrx_word' id='word_1_66' title='bbox 170 925 395 1004; x_wconf 85' lang='grc' dir='ltr'>Ἀλισκομενέων</span> <span class='ocrx_word' id='word_1_67' title='bbox 408 928 437 986; x_wconf 79' lang='grc' dir='ltr'>δὲ</span> <span class='ocrx_word' id='word_1_68' title='bbox 450 932 504 987; x_wconf 80' lang='grc' dir='ltr'>τῶν</span> <span class='ocrx_word' id='word_1_69' title='bbox 517 928 632 997; x_wconf 85' lang='grc' dir='ltr'>πολίων,</span> <span class='ocrx_word' id='word_1_70' title='bbox 642 927 677 1004; x_wconf 84' lang='grc' dir='ltr'>ἦν</span> <span class='ocrx_word' id='word_1_71' title='bbox 690 928 744 1009; x_wconf 70' lang='grc' dir='ltr'>γὰρ</span> <span class='ocrx_word' id='word_1_72' title='bbox 759 927 802 1004; x_wconf 69' lang='grc' dir='ltr'>δη,</span> <span class='ocrx_word' id='word_1_73' title='bbox 813 928 847 990; x_wconf 78' lang='grc' dir='ltr'>ὦς</span> <span class='ocrx_word' id='word_1_74' title='bbox 861 929 903 986; x_wconf 87' lang='grc' dir='ltr'>διέ</span> <span class='ocrx_word' id='word_1_75' title='bbox 925 932 981 988; x_wconf 70' lang='grc'>124</span> 
     </span>
     <span class='ocr_line' id='line_1_11' title="bbox 129 1014 934 1096; baseline 0.006 -22"><span class='ocrx_word' id='word_1_76' title='bbox 129 1014 199 1085; x_wconf 80' lang='grc' dir='ltr'>δεξε,</span> <span class='ocrx_word' id='word_1_77' title='bbox 212 1014 418 1096; x_wconf 81' lang='grc' dir='ltr'>Ἀρισταγόρης</span> <span class='ocrx_word' id='word_1_78' title='bbox 438 1016 454 1076; x_wconf 88' lang='lat'>6</span> <span class='ocrx_word' id='word_1_79' title='bbox 468 1015 614 1091; x_wconf 78' lang='grc' dir='ltr'>Μιλήσιος</span> <span class='ocrx_word' id='word_1_80' title='bbox 628 1017 721 1094; x_wconf 74' lang='grc' dir='ltr'>ψυχήν</span> <span class='ocrx_word' id='word_1_81' title='bbox 735 1016 784 1076; x_wconf 88' lang='grc' dir='ltr'>ούκ</span> <span class='ocrx_word' id='word_1_82' title='bbox 798 1015 889 1092; x_wconf 79' lang='grc' dir='ltr'>ἄκρος,</span> <span class='ocrx_word' id='word_1_83' title='bbox 904 1016 934 1079; x_wconf 77' lang='grc' dir='ltr'>ὃς</span> 
     </span>
     <span class='ocr_line' id='line_1_12' title="bbox 129 1103 934 1184; baseline 0 -22"><span class='ocrx_word' id='word_1_84' title='bbox 129 1103 249 1180; x_wconf 78' lang='grc' dir='ltr'>ταράξας</span> <span class='ocrx_word' id='word_1_85' title='bbox 270 1104 323 1180; x_wconf 74' lang='grc' dir='ltr'>τὴν</span> <span class='ocrx_word' id='word_1_86' title='bbox 342 1103 449 1180; x_wconf 89' lang='grc' dir='ltr'>Ἰωνίην</span> <span class='ocrx_word' id='word_1_87' title='bbox 474 1105 519 1163; x_wconf 82' lang='grc' dir='ltr'>καὶ</span> <span class='ocrx_word' id='word_1_88' title='bbox 540 1104 760 1184; x_wconf 79' lang='grc' dir='ltr'>ἐγκερασάμενος</span> <span class='ocrx_word' id='word_1_89' title='bbox 782 1103 934 1183; x_wconf 85' lang='grc' dir='ltr'>πρήγματα</span> 
     </span>
     <span class='ocr_line' id='line_1_13' title="bbox 129 1191 933 1272; baseline -0.001 -21"><span class='ocrx_word' id='word_1_90' title='bbox 129 1192 242 1272; x_wconf 77' lang='grc' dir='ltr'>μεγάλα</span> <span class='ocrx_word' id='word_1_91' title='bbox 256 1191 382 1269; x_wconf 83' lang='grc' dir='ltr'>δρησμόν</span> <span class='ocrx_word' id='word_1_92' title='bbox 396 1192 539 1269; x_wconf 89' lang='grc' dir='ltr'>ἐβούλευε,</span> <span class='ocrx_word' id='word_1_93' title='bbox 554 1191 639 1268; x_wconf 84' lang='grc' dir='ltr'>ὁρέων</span> <span class='ocrx_word' id='word_1_94' title='bbox 657 1197 755 1252; x_wconf 82' lang='grc' dir='ltr'>ταῦτα·</span> <span class='ocrx_word' id='word_1_95' title='bbox 777 1192 847 1269; x_wconf 83' lang='grc' dir='ltr'>πρός</span> <span class='ocrx_word' id='word_1_96' title='bbox 860 1191 891 1250; x_wconf 89' lang='grc' dir='ltr'>δέ</span> <span class='ocrx_word' id='word_1_97' title='bbox 907 1194 933 1250; x_wconf 87' lang='grc' dir='ltr'>οί</span> 
     </span>
     <span class='ocr_line' id='line_1_14' title="bbox 130 1279 932 1357; baseline 0 -19"><span class='ocrx_word' id='word_1_98' title='bbox 130 1282 177 1338; x_wconf 81' lang='grc' dir='ltr'>καὶ</span> <span class='ocrx_word' id='word_1_99' title='bbox 189 1279 311 1340; x_wconf 72' lang='grc' dir='ltr'>ἀδύνατα</span> <span class='ocrx_word' id='word_1_100' title='bbox 325 1281 415 1356; x_wconf 85' lang='grc' dir='ltr'>ἐφόνη</span> <span class='ocrx_word' id='word_1_101' title='bbox 428 1282 556 1357; x_wconf 80' lang='grc' dir='ltr'>βασιλέα</span> <span class='ocrx_word' id='word_1_102' title='bbox 571 1284 690 1357; x_wconf 82' lang='grc' dir='ltr'>Δαρεῖον</span> <span class='ocrx_word' id='word_1_103' title='bbox 707 1279 932 1356; x_wconf 79' lang='grc' dir='ltr'>ὑπερβαλέσθαι·</span> 
     </span>
     <span class='ocr_line' id='line_1_15' title="bbox 129 1367 930 1449; baseline 0 -23"><span class='ocrx_word' id='word_1_104' title='bbox 129 1367 200 1444; x_wconf 81' lang='grc' dir='ltr'>πρός</span> <span class='ocrx_word' id='word_1_105' title='bbox 221 1374 309 1428; x_wconf 83' lang='grc' dir='ltr'>ταῦτα</span> <span class='ocrx_word' id='word_1_106' title='bbox 333 1368 367 1443; x_wconf 76' lang='grc' dir='ltr'>δη</span> <span class='ocrx_word' id='word_1_107' title='bbox 390 1367 427 1426; x_wconf 84' lang='grc' dir='ltr'>ὧν</span> <span class='ocrx_word' id='word_1_108' title='bbox 445 1369 627 1449; x_wconf 78' lang='grc' dir='ltr'>συγκαλέσας</span> <span class='ocrx_word' id='word_1_109' title='bbox 647 1369 711 1432; x_wconf 83' lang='grc' dir='ltr'>τούς</span> <span class='ocrx_word' id='word_1_110' title='bbox 732 1367 930 1430; x_wconf 75' lang='grc' dir='ltr'>συστασιώτας</span> 
     </span>
     <span class='ocr_line' id='line_1_16' title="bbox 130 1454 932 1536; baseline 0 -20"><span class='ocrx_word' id='word_1_111' title='bbox 130 1457 306 1532; x_wconf 83' lang='grc' dir='ltr'>ἐβουλεύετο,</span> <span class='ocrx_word' id='word_1_112' title='bbox 321 1457 411 1536; x_wconf 85' lang='grc' dir='ltr'>λέγων</span> <span class='ocrx_word' id='word_1_113' title='bbox 431 1455 466 1518; x_wconf 86' lang='grc' dir='ltr'>ώς</span> <span class='ocrx_word' id='word_1_114' title='bbox 484 1454 596 1532; x_wconf 77' lang='grc' dir='ltr'>ἄμεινόν</span> <span class='ocrx_word' id='word_1_115' title='bbox 610 1463 666 1531; x_wconf 91' lang='grc' dir='ltr'>σφι</span> <span class='ocrx_word' id='word_1_116' title='bbox 680 1457 721 1532; x_wconf 84' lang='grc' dir='ltr'>εἴη</span> <span class='ocrx_word' id='word_1_117' title='bbox 736 1455 932 1536; x_wconf 86' lang='grc' dir='ltr'>κρησφύγετόν</span> 
     </span>
     <span class='ocr_line' id='line_1_17' title="bbox 128 1542 930 1624; baseline -0.004 -20"><span class='ocrx_word' id='word_1_118' title='bbox 128 1571 157 1605; x_wconf 93' lang='grc' dir='ltr'>τι</span> <span class='ocrx_word' id='word_1_119' title='bbox 174 1544 302 1624; x_wconf 82' lang='grc' dir='ltr'>ύπόρχον</span> <span class='ocrx_word' id='word_1_120' title='bbox 322 1544 398 1614; x_wconf 83' lang='grc' dir='ltr'>εἶναι,</span> <span class='ocrx_word' id='word_1_121' title='bbox 416 1542 451 1620; x_wconf 80' lang='grc' dir='ltr'>ἢν</span> <span class='ocrx_word' id='word_1_122' title='bbox 471 1543 525 1620; x_wconf 75' lang='grc' dir='ltr'>ἄρα</span> <span class='ocrx_word' id='word_1_123' title='bbox 546 1545 713 1613; x_wconf 80' lang='grc' dir='ltr'>ἐξωθέωνται</span> <span class='ocrx_word' id='word_1_124' title='bbox 729 1551 759 1603; x_wconf 87' lang='grc' dir='ltr'>ἐκ</span> <span class='ocrx_word' id='word_1_125' title='bbox 772 1549 822 1619; x_wconf 80' lang='grc' dir='ltr'>τῆς</span> <span class='ocrx_word' id='word_1_126' title='bbox 837 1544 930 1620; x_wconf 83' lang='grc' dir='ltr'>Μιλή-</span> 
     </span>
     <span class='ocr_line' id='line_1_18' title="bbox 129 1631 933 1712; baseline -0.002 -20"><span class='ocrx_word' id='word_1_127' title='bbox 129 1659 190 1692; x_wconf 89' lang='grc' dir='ltr'>του·</span> <span class='ocrx_word' id='word_1_128' title='bbox 213 1659 267 1692; x_wconf 89' lang='grc' dir='ltr'>ειτε</span> <span class='ocrx_word' id='word_1_129' title='bbox 282 1631 350 1708; x_wconf 86' lang='grc' dir='ltr'>δη’</span> <span class='ocrx_word' id='word_1_130' title='bbox 331 1660 368 1694; x_wconf 89' lang='grc' dir='ltr'>ων</span> <span class='ocrx_word' id='word_1_131' title='bbox 382 1639 409 1696; x_wconf 87' lang='grc' dir='ltr'>ἐς</span> <span class='ocrx_word' id='word_1_132' title='bbox 424 1633 548 1709; x_wconf 78' lang='grc' dir='ltr'>Σαρδω’</span> <span class='ocrx_word' id='word_1_133' title='bbox 535 1659 565 1691; x_wconf 91' lang='grc' dir='ltr'>εκ</span> <span class='ocrx_word' id='word_1_134' title='bbox 578 1636 628 1692; x_wconf 85' lang='grc' dir='ltr'>τοῦ</span> <span class='ocrx_word' id='word_1_135' title='bbox 644 1632 732 1692; x_wconf 92' lang='grc' dir='ltr'>τόπου</span> <span class='ocrx_word' id='word_1_136' title='bbox 752 1632 852 1692; x_wconf 89' lang='grc' dir='ltr'>τούτου</span> <span class='ocrx_word' id='word_1_137' title='bbox 868 1631 933 1712; x_wconf 84' lang='grc' dir='ltr'>ἅγοι</span> 
     </span>
     <span class='ocr_line' id='line_1_19' title="bbox 130 1720 932 1799; baseline -0.001 -18"><span class='ocrx_word' id='word_1_138' title='bbox 130 1727 158 1784; x_wconf 82' lang='grc' dir='ltr'>ἐς</span> <span class='ocrx_word' id='word_1_139' title='bbox 172 1721 309 1797; x_wconf 71' lang='grc' dir='ltr'>ἀποικίην,</span> <span class='ocrx_word' id='word_1_140' title='bbox 320 1722 373 1780; x_wconf 83' lang='grc' dir='ltr'>εἴτε</span> <span class='ocrx_word' id='word_1_141' title='bbox 388 1727 414 1784; x_wconf 89' lang='grc' dir='ltr'>ἐς</span> <span class='ocrx_word' id='word_1_142' title='bbox 423 1721 570 1799; x_wconf 91' lang='grc' dir='ltr'>Μύρκινον</span> <span class='ocrx_word' id='word_1_143' title='bbox 579 1747 630 1796; x_wconf 87' lang='grc' dir='ltr'>την</span> <span class='ocrx_word' id='word_1_144' title='bbox 642 1720 818 1781; x_wconf 82' lang='grc' dir='ltr'>Ἠδωνῶν</span> <span class='ocrx_word' id='word_1_145' title='bbox 784 1747 835 1795; x_wconf 90' lang='grc' dir='ltr'>την</span> <span class='ocrx_word' id='word_1_146' title='bbox 849 1720 932 1780; x_wconf 89' lang='grc' dir='ltr'>Ιστι-</span> 
     </span>
    </p>

    <p class='ocr_par' dir='ltr' id='par_1_4' title="bbox 128 1809 980 3210">
     <span class='ocr_line' id='line_1_20' title="bbox 130 1809 932 1888; baseline -0.003 -19.772"><span class='ocrx_word' id='word_1_147' title='bbox 130 1811 314 1888; x_wconf 88' lang='grc' dir='ltr'>αιοςέτείχεε</span> <span class='ocrx_word' id='word_1_148' title='bbox 338 1836 414 1888; x_wconf 90' lang='grc' dir='ltr'>παρα</span> <span class='ocrx_word' id='word_1_149' title='bbox 437 1811 557 1886; x_wconf 88' lang='grc' dir='ltr'>Δαρείου</span> <span class='ocrx_word' id='word_1_150' title='bbox 579 1809 682 1886; x_wconf 86' lang='grc' dir='ltr'>δωρεην</span> <span class='ocrx_word' id='word_1_151' title='bbox 703 1809 820 1886; x_wconf 86' lang='grc' dir='ltr'>λαβών;</span> <span class='ocrx_word' id='word_1_152' title='bbox 845 1813 932 1868; x_wconf 80' lang='grc' dir='ltr'>ταῦτα</span> 
     </span>
     <span class='ocr_line' id='line_1_21' title="bbox 131 1897 980 1978; baseline -0.005 -21"><span class='ocrx_word' id='word_1_153' title='bbox 131 1898 267 1976; x_wconf 80' lang='grc' dir='ltr'>ἐπειρώτα</span> <span class='ocrx_word' id='word_1_154' title='bbox 288 1898 303 1958; x_wconf 87' lang='grc' dir='ltr'>ό</span> <span class='ocrx_word' id='word_1_155' title='bbox 321 1897 535 1978; x_wconf 88' lang='grc' dir='ltr'>Αρισταγόρης·</span> <span class='ocrx_word' id='word_1_156' title='bbox 556 1897 704 1956; x_wconf 80' lang='grc' dir='ltr'>Εκαταίου</span> <span class='ocrx_word' id='word_1_157' title='bbox 725 1898 777 1974; x_wconf 89' lang='grc' dir='ltr'>μέν</span> <span class='ocrx_word' id='word_1_158' title='bbox 798 1924 846 1957; x_wconf 91' lang='grc' dir='ltr'>νυν</span> <span class='ocrx_word' id='word_1_159' title='bbox 862 1899 980 1955; x_wconf 81' lang='grc' dir='ltr'>τοῦ125</span> 
     </span>
     <span class='ocr_line' id='line_1_22' title="bbox 128 1983 932 2067; baseline -0.004 -22.962"><span class='ocrx_word' id='word_1_160' title='bbox 128 1985 336 2066; x_wconf 85' lang='grc' dir='ltr'>Ηγησόνδρου,</span> <span class='ocrx_word' id='word_1_161' title='bbox 351 1985 451 2062; x_wconf 82' lang='grc' dir='ltr'>όνδρός</span> <span class='ocrx_word' id='word_1_162' title='bbox 464 1989 626 2067; x_wconf 81' lang='grc' dir='ltr'>λογοποιοῦ,</span> <span class='ocrx_word' id='word_1_163' title='bbox 641 1987 758 2045; x_wconf 83' lang='grc' dir='ltr'>τουτέων</span> <span class='ocrx_word' id='word_1_164' title='bbox 771 1988 823 2062; x_wconf 79' lang='grc' dir='ltr'>μὲν</span> <span class='ocrx_word' id='word_1_165' title='bbox 842 1990 869 2047; x_wconf 87' lang='grc' dir='ltr'>ἐς</span> <span class='ocrx_word' id='word_1_166' title='bbox 888 1983 932 2042; x_wconf 89' lang='grc' dir='ltr'>ού-</span> 
     </span>
     <span class='ocr_line' id='line_1_23' title="bbox 129 2072 932 2155; baseline -0.002 -22"><span class='ocrx_word' id='word_1_167' title='bbox 129 2073 243 2150; x_wconf 85' lang='grc' dir='ltr'>δετέρην</span> <span class='ocrx_word' id='word_1_168' title='bbox 257 2075 389 2134; x_wconf 88' lang='grc' dir='ltr'>στέλλειν</span> <span class='ocrx_word' id='word_1_169' title='bbox 400 2073 510 2150; x_wconf 80' lang='grc' dir='ltr'>ἐφερεὴ</span> <span class='ocrx_word' id='word_1_170' title='bbox 523 2074 629 2155; x_wconf 86' lang='grc' dir='ltr'>γνώμη,</span> <span class='ocrx_word' id='word_1_171' title='bbox 640 2079 668 2133; x_wconf 87' lang='grc' dir='ltr'>ἐν</span> <span class='ocrx_word' id='word_1_172' title='bbox 676 2075 754 2152; x_wconf 81' lang='grc' dir='ltr'>Λέρῳ</span> <span class='ocrx_word' id='word_1_173' title='bbox 766 2074 795 2133; x_wconf 87' lang='grc' dir='ltr'>δέ</span> <span class='ocrx_word' id='word_1_174' title='bbox 808 2078 843 2151; x_wconf 82' lang='grc' dir='ltr'>τῇ</span> <span class='ocrx_word' id='word_1_175' title='bbox 856 2072 932 2152; x_wconf 71' lang='grc' dir='ltr'>νήσῳ</span> 
     </span>
     <span class='ocr_line' id='line_1_24' title="bbox 128 2160 932 2242; baseline -0.002 -20"><span class='ocrx_word' id='word_1_176' title='bbox 128 2165 224 2241; x_wconf 79' lang='grc' dir='ltr'>τεῖχος</span> <span class='ocrx_word' id='word_1_177' title='bbox 236 2162 493 2239; x_wconf 87' lang='grc' dir='ltr'>αι’κοδομησόμενον</span> <span class='ocrx_word' id='word_1_178' title='bbox 505 2162 627 2240; x_wconf 78' lang='grc' dir='ltr'>ἡσυχίην</span> <span class='ocrx_word' id='word_1_179' title='bbox 638 2160 723 2242; x_wconf 79' lang='grc' dir='ltr'>όγειν,</span> <span class='ocrx_word' id='word_1_180' title='bbox 738 2160 772 2236; x_wconf 85' lang='grc' dir='ltr'>ἢν</span> <span class='ocrx_word' id='word_1_181' title='bbox 783 2162 888 2238; x_wconf 81' lang='grc' dir='ltr'>ἐκπέσῃ</span> <span class='ocrx_word' id='word_1_182' title='bbox 902 2165 932 2220; x_wconf 90' lang='grc' dir='ltr'>ἐκ</span> 
     </span>
     <span class='ocr_line' id='line_1_25' title="bbox 128 2249 930 2326; baseline -0.007 -14"><span class='ocrx_word' id='word_1_183' title='bbox 128 2254 180 2326; x_wconf 76' lang='grc' dir='ltr'>τῆς</span> <span class='ocrx_word' id='word_1_184' title='bbox 193 2250 334 2326; x_wconf 80' lang='grc' dir='ltr'>Μιλήτου·</span> <span class='ocrx_word' id='word_1_185' title='bbox 357 2252 451 2310; x_wconf 81' lang='grc' dir='ltr'>ἔπειτα</span> <span class='ocrx_word' id='word_1_186' title='bbox 466 2251 494 2308; x_wconf 85' lang='grc' dir='ltr'>δὲ</span> <span class='ocrx_word' id='word_1_187' title='bbox 508 2255 537 2309; x_wconf 88' lang='grc' dir='ltr'>ἐκ</span> <span class='ocrx_word' id='word_1_188' title='bbox 551 2249 652 2325; x_wconf 88' lang='grc' dir='ltr'>ταύτης</span> <span class='ocrx_word' id='word_1_189' title='bbox 666 2249 839 2326; x_wconf 86' lang='grc' dir='ltr'>όρμεώμενον</span> <span class='ocrx_word' id='word_1_190' title='bbox 853 2274 930 2307; x_wconf 87' lang='grc' dir='ltr'>κατε-</span> 
     </span>
     <span class='ocr_line' id='line_1_26' title="bbox 129 2336 932 2414; baseline 0.004 -18"><span class='ocrx_word' id='word_1_191' title='bbox 129 2337 287 2398; x_wconf 83' lang='grc' dir='ltr'>λεύσεσθαι</span> <span class='ocrx_word' id='word_1_192' title='bbox 300 2343 327 2401; x_wconf 86' lang='grc' dir='ltr'>ἐς</span> <span class='ocrx_word' id='word_1_193' title='bbox 339 2339 391 2414; x_wconf 77' lang='grc' dir='ltr'>την</span> <span class='ocrx_word' id='word_1_194' title='bbox 405 2340 546 2413; x_wconf 90' lang='grc' dir='ltr'>Μίλητον.</span> <span class='ocrx_word' id='word_1_195' title='bbox 573 2342 661 2396; x_wconf 85' lang='grc' dir='ltr'>ταῦτα</span> <span class='ocrx_word' id='word_1_196' title='bbox 674 2340 726 2413; x_wconf 88' lang='grc' dir='ltr'>μέν</span> <span class='ocrx_word' id='word_1_197' title='bbox 740 2336 773 2412; x_wconf 73' lang='grc' dir='ltr'>δή</span> <span class='ocrx_word' id='word_1_198' title='bbox 787 2337 932 2399; x_wconf 83' lang='grc' dir='ltr'>Ἑκαταῖος</span> 
     </span>
     <span class='ocr_line' id='line_1_27' title="bbox 129 2425 979 2506; baseline -0.004 -20"><span class='ocrx_word' id='word_1_199' title='bbox 129 2426 331 2503; x_wconf 89' lang='grc' dir='ltr'>συνεβούλευε.</span> <span class='ocrx_word' id='word_1_200' title='bbox 374 2425 454 2504; x_wconf 58' lang='lat' dir='ltr'>Ain?</span> <span class='ocrx_word' id='word_1_201' title='bbox 478 2425 507 2484; x_wconf 84' lang='grc' dir='ltr'>δέ</span> <span class='ocrx_word' id='word_1_202' title='bbox 530 2425 720 2506; x_wconf 82' lang='grc' dir='ltr'>Ἀρισταγόρῃ</span> <span class='ocrx_word' id='word_1_203' title='bbox 744 2425 762 2500; x_wconf 80' lang='grc' dir='ltr'><em>ἦ</em></span> <span class='ocrx_word' id='word_1_204' title='bbox 789 2426 979 2500; x_wconf 81' lang='grc' dir='ltr'>πλείστη126</span> 
     </span>
     <span class='ocr_line' id='line_1_28' title="bbox 128 2513 932 2595; baseline -0.004 -22"><span class='ocrx_word' id='word_1_205' title='bbox 128 2515 228 2595; x_wconf 80' lang='grc' dir='ltr'>γνώμη</span> <span class='ocrx_word' id='word_1_206' title='bbox 249 2513 284 2590; x_wconf 84' lang='grc' dir='ltr'>ἦν</span> <span class='ocrx_word' id='word_1_207' title='bbox 306 2520 333 2578; x_wconf 83' lang='grc' dir='ltr'>ἐς</span> <span class='ocrx_word' id='word_1_208' title='bbox 353 2514 405 2590; x_wconf 68' lang='grc' dir='ltr'>τήν</span> <span class='ocrx_word' id='word_1_209' title='bbox 426 2513 568 2591; x_wconf 87' lang='grc' dir='ltr'>Μύρκινον</span> <span class='ocrx_word' id='word_1_210' title='bbox 585 2513 712 2595; x_wconf 85' lang='grc' dir='ltr'>όπόγειν.</span> <span class='ocrx_word' id='word_1_211' title='bbox 753 2513 805 2589; x_wconf 77' lang='grc' dir='ltr'>τήν</span> <span class='ocrx_word' id='word_1_212' title='bbox 826 2515 877 2590; x_wconf 84' lang='grc' dir='ltr'>μὲν</span> <span class='ocrx_word' id='word_1_213' title='bbox 898 2513 932 2588; x_wconf 79' lang='grc' dir='ltr'>δη</span> 
     </span>
     <span class='ocr_line' id='line_1_29' title="bbox 130 2600 931 2708; baseline -0.005 -46"><span class='ocrx_word' id='word_1_214' title='bbox 130 2604 291 2679; x_wconf 85' lang='grc' dir='ltr'>Μίλητον’</span> <span class='ocrx_word' id='word_1_215' title='bbox 279 2603 420 2679; x_wconf 89' lang='grc' dir='ltr'>επιτρέπει</span> <span class='ocrx_word' id='word_1_216' title='bbox 434 2601 597 2682; x_wconf 84' lang='grc' dir='ltr'>Πυθαγόρη,</span> <span class='ocrx_word' id='word_1_217' title='bbox 611 2601 744 2708; x_wconf 80' lang='grc' dir='ltr'>ρῖνδρὶ</span> <span class='ocrx_word' id='word_1_218' title='bbox 706 2628 760 2661; x_wconf 89' lang='grc' dir='ltr'>των</span> <span class='ocrx_word' id='word_1_219' title='bbox 778 2601 871 2661; x_wconf 83' lang='grc' dir='ltr'>α’στῶν</span> <span class='ocrx_word' id='word_1_220' title='bbox 888 2600 931 2658; x_wconf 85' lang='grc' dir='ltr'>δο-</span> 
     </span>
     <span class='ocr_line' id='line_1_30' title="bbox 130 2688 930 2800; baseline -0.004 -50"><span class='ocrx_word' id='word_1_221' title='bbox 130 2692 212 2770; x_wconf 75' lang='grc' dir='ltr'>κίμῳ·</span> <span class='ocrx_word' id='word_1_222' title='bbox 234 2689 318 2752; x_wconf 83' lang='grc' dir='ltr'>αύτὸς</span> <span class='ocrx_word' id='word_1_223' title='bbox 334 2690 364 2748; x_wconf 82' lang='grc' dir='ltr'>δὲ</span> <span class='ocrx_word' id='word_1_224' title='bbox 384 2689 560 2768; x_wconf 79' lang='grc' dir='ltr'>παραλαβών</span> <span class='ocrx_word' id='word_1_225' title='bbox 578 2689 670 2749; x_wconf 78' lang='grc' dir='ltr'>πάντα</span> <span class='ocrx_word' id='word_1_226' title='bbox 690 2689 740 2748; x_wconf 84' lang='grc' dir='ltr'>τόν</span> <span class='ocrx_word' id='word_1_227' title='bbox 752 2688 930 2800; x_wconf 84' lang='grc' dir='ltr'>βουλόμενον</span> 
     </span>
     <span class='ocr_line' id='line_1_31' title="bbox 130 2774 932 2890; baseline -0.005 -52"><span class='ocrx_word' id='word_1_228' title='bbox 130 2781 248 2838; x_wconf 78' lang='grc' dir='ltr'>ἐπλεε’</span> <span class='ocrx_word' id='word_1_229' title='bbox 235 2804 263 2840; x_wconf 91' lang='grc' dir='ltr'>ες</span> <span class='ocrx_word' id='word_1_230' title='bbox 283 2804 334 2890; x_wconf 82' lang='grc' dir='ltr'>την</span> <span class='ocrx_word' id='word_1_231' title='bbox 352 2779 483 2855; x_wconf 92' lang='grc' dir='ltr'>Θρηίκην,</span> <span class='ocrx_word' id='word_1_232' title='bbox 503 2777 549 2836; x_wconf 85' lang='grc' dir='ltr'>καὶ</span> <span class='ocrx_word' id='word_1_233' title='bbox 567 2779 634 2856; x_wconf 84' lang='grc' dir='ltr'>ἔσχε</span> <span class='ocrx_word' id='word_1_234' title='bbox 654 2803 706 2852; x_wconf 90' lang='grc' dir='ltr'>την</span> <span class='ocrx_word' id='word_1_235' title='bbox 724 2777 817 2855; x_wconf 91' lang='grc' dir='ltr'>χώρην</span> <span class='ocrx_word' id='word_1_236' title='bbox 837 2774 878 2834; x_wconf 81' lang='grc' dir='ltr'>ἐπ’</span> <span class='ocrx_word' id='word_1_237' title='bbox 897 2774 932 2850; x_wconf 80' lang='grc' dir='ltr'>ἢν</span> 
     </span>
     <span class='ocr_line' id='line_1_32' title="bbox 130 2862 931 2942; baseline -0.006 -15"><span class='ocrx_word' id='word_1_238' title='bbox 130 2866 250 2942; x_wconf 74' lang='grc' dir='ltr'>ἐστάλη.</span> <span class='ocrx_word' id='word_1_239' title='bbox 293 2866 370 2925; x_wconf 79' lang='grc' dir='ltr'>ἐκδὲ</span> <span class='ocrx_word' id='word_1_240' title='bbox 389 2865 491 2941; x_wconf 88' lang='grc' dir='ltr'>ταύτης</span> <span class='ocrx_word' id='word_1_241' title='bbox 509 2865 681 2942; x_wconf 87' lang='grc' dir='ltr'>όρμεώμενος</span> <span class='ocrx_word' id='word_1_242' title='bbox 701 2862 893 2923; x_wconf 73' lang='grc' dir='ltr'>ἀπόλλυται</span> <span class='ocrx_word' id='word_1_243' title='bbox 877 2862 931 2922; x_wconf 84' lang='grc' dir='ltr'>υπό</span> 
     </span>
     <span class='ocr_line' id='line_1_33' title="bbox 129 2949 933 3033; baseline -0.002 -19"><span class='ocrx_word' id='word_1_244' title='bbox 129 2955 258 3032; x_wconf 82' lang='grc' dir='ltr'>Θρηίκων</span> <span class='ocrx_word' id='word_1_245' title='bbox 279 2953 413 3016; x_wconf 86' lang='grc' dir='ltr'>αύτόςτε</span> <span class='ocrx_word' id='word_1_246' title='bbox 437 2953 453 3013; x_wconf 88' lang='lat'>6</span> <span class='ocrx_word' id='word_1_247' title='bbox 474 2951 678 3033; x_wconf 85' lang='grc' dir='ltr'>Ἀρισταγόρης</span> <span class='ocrx_word' id='word_1_248' title='bbox 703 2952 749 3009; x_wconf 86' lang='grc' dir='ltr'>καὶ</span> <span class='ocrx_word' id='word_1_249' title='bbox 772 2949 788 3009; x_wconf 89' lang='lat'>6</span> <span class='ocrx_word' id='word_1_250' title='bbox 812 2949 933 3026; x_wconf 84' lang='grc' dir='ltr'>στρατός</span> 
     </span>
     <span class='ocr_line' id='line_1_34' title="bbox 129 3037 933 3118; baseline -0.006 -16"><span class='ocrx_word' id='word_1_251' title='bbox 129 3044 225 3111; x_wconf 78' lang='grc' dir='ltr'>αὐτοῦ,</span> <span class='ocrx_word' id='word_1_252' title='bbox 247 3041 334 3102; x_wconf 90' lang='grc' dir='ltr'>πόλιν</span> <span class='ocrx_word' id='word_1_253' title='bbox 356 3040 581 3118; x_wconf 84' lang='grc' dir='ltr'>περικατήμενος,</span> <span class='ocrx_word' id='word_1_254' title='bbox 606 3041 652 3097; x_wconf 90' lang='grc' dir='ltr'>καὶ</span> <span class='ocrx_word' id='word_1_255' title='bbox 675 3037 857 3113; x_wconf 87' lang='grc' dir='ltr'>βουλομένων</span> <span class='ocrx_word' id='word_1_256' title='bbox 877 3040 933 3097; x_wconf 77' lang='grc' dir='ltr'>τῶν</span> 
     </span>
     <span class='ocr_line' id='line_1_35' title="bbox 130 3129 588 3210; baseline -0.011 -19"><span class='ocrx_word' id='word_1_257' title='bbox 130 3131 258 3210; x_wconf 79' lang='grc' dir='ltr'>Θρηίκων</span> <span class='ocrx_word' id='word_1_258' title='bbox 277 3129 461 3190; x_wconf 72' lang='grc' dir='ltr'>ὑποσπόνδων</span> <span class='ocrx_word' id='word_1_259' title='bbox 482 3129 588 3195; x_wconf 80' lang='grc' dir='ltr'>ἐξιέναι</span> 
     </span>
    </p>
   </div>
   <div class='ocr_carea' id='block_1_2' title="bbox 0 0 1138 3568">
    <p class='ocr_par' dir='ltr' id='par_1_5' title="bbox 0 0 1138 3568">
     <span class='ocr_line' id='line_1_36' title="bbox 0 0 1138 3568; baseline 0 0"><span class='ocrx_word' id='word_1_260' title='bbox 0 0 1138 3568; x_wconf 95' lang='lat' dir='ltr'> </span> 
     </span>
    </p>
   </div>
  </div>
 </body>
</html>
