2250 3552
183 138 231 186 29ss
493 141 674 189 ἨΡΟΔΟΤΟῬ
922 143 987 206 [IX.

135 219 173 276 30
182 215 305 296 χιλιάδες
318 217 363 276 καὶ
378 219 553 281 ἑκατοντάδες
570 221 660 278 πέντε.
702 225 758 280 Τοῦ
774 221 804 280 δέ
822 221 987 298 σύμπαντος

182 304 348 379 Ἑλληνικοῦ
371 309 421 364 τοῦ
445 306 630 372 συνελθόντος
654 312 681 371 ἐς
705 307 852 372 Πλαταιάς
876 307 930 369 σύν
953 339 986 371 τε

182 390 317 470 όπλίτησι
331 393 378 451 καὶ
391 398 503 471 ψιλοῖσι
516 399 593 455 τοῖσι
611 397 762 475 μαχίμοισι
780 396 874 455 ἕνδεκα
887 399 985 475 μυριά·

182 479 225 542 δες
237 479 319 554 ἦσαν,
334 484 401 557 μιῆς
413 483 540 560 χιλιάδος
556 484 626 560 πρός
645 484 675 543 δὲ
691 483 863 543 ὀκτακοσίων
878 483 986 562 α’νδρῶν

182 568 374 628 καταδέουσαι·
406 570 460 628 σύν
475 571 505 629 δὲ
520 574 664 632 Θεσπιέων
681 575 758 631 τοῖσι
774 577 911 650 παρεοῦσι
928 575 985 644 ἐξε-

181 660 340 734 πληροῦντο
362 660 391 717 αἱ
413 659 506 717 ἕνδεκα
532 659 670 737 μυριάδες·
704 665 837 736 παρῆσαν
859 661 915 741 γάρ
937 665 986 722 καὶ

182 747 325 805 Θεσπιέων
342 751 371 805 ἐν
388 751 426 824 τῷ
444 749 624 826 στρατοπέδῳ
641 751 667 807 οἶ
687 747 848 824 περιεόντες,
864 747 986 826 α’ριθμόν

183 839 210 895 ἐς
223 832 403 896 ὀκτακοσίους
417 835 462 892 καὶ
473 837 590 912 χιλίους·
605 835 681 895 ὅπλα
695 835 724 894 δὲ
738 834 793 894 οὐδ’
806 834 882 895 οὗτοι
896 837 984 916 εἶχον.

184 917 260 980 οὗτοι
272 922 324 997 μέν
337 947 385 982 νυν
398 922 546 1000 ταχθέντες
563 923 608 980 ἐπὶ
625 927 663 1002 τῷ
680 922 799 1001 Ἀσωπῷ
815 929 984 1001 ἐστρατοπε-

182 1008 303 1069 δεύοντο.

135 1099 168 1156 3]
224 1100 261 1156 Οἱ
273 1097 303 1156 δέ
316 1097 391 1174 ἀμφὶ
405 1097 565 1174 Μαρδόνιον
578 1098 732 1176 βάρβαροι,
743 1098 778 1162 οἷς
791 1099 985 1176 ἀπεκήδευσαν

183 1187 353 1256 Μασίστιον,
367 1190 508 1263 παρῆσαν,
521 1186 672 1264 πυθόμενοι
684 1187 748 1250 τούς
756 1187 899 1263 Ἕλληνας
914 1189 984 1250 εἶναι

183 1279 212 1334 ἐν
225 1277 397 1352 Πλαταιῇσι,
412 1274 458 1332 καὶ
471 1273 549 1334 αὐτοὶ
563 1275 608 1333 ἐπὶ
621 1274 670 1334 τόν
683 1275 814 1335 Ἀσωπόν
830 1277 879 1336 τόν
892 1277 983 1357 ταύτῃ

181 1363 289 1438 ῥέοντα.
331 1360 493 1438 α’πικόμενοι
529 1362 558 1421 δέ
597 1360 803 1422 ἀντετάσσοντο
841 1360 891 1422 ὧδε
927 1364 983 1426 ὑπό

182 1449 351 1526 Μαρδονίου·
373 1450 444 1509 κατὰ
463 1453 515 1526 μὲν
535 1449 769 1527 Λακεδαιμονίους
790 1453 893 1526 ἔστησε
909 1454 983 1530 Πέρ-

181 1561 244 1598 σας·
259 1538 304 1595 καὶ
315 1537 349 1612 δή
363 1537 474 1596 πολλόν
483 1538 538 1619 γάρ
552 1538 702 1614 περιέασαν
712 1538 816 1614 πλήθεϊ
824 1543 851 1598 οἱ
862 1542 982 1617 Πέρσαι,

182 1627 230 1684 ε’πί
244 1649 276 1684 τε
294 1624 370 1694 τάξις
383 1629 504 1688 πλεῦνας
522 1626 715 1702 ἐκεκοσμέατο,
731 1627 776 1685 καὶ
794 1631 905 1706 ἐπεῖχον
917 1629 984 1693 τοθς

182 1712 328 1793 Τεγεήτας·
350 1715 428 1783 ἔταξε
442 1713 470 1772 δὲ
485 1713 565 1773 οὕτω·
587 1713 603 1773 ὅ
616 1740 643 1774 τι
657 1717 708 1790 μὲν
721 1713 755 1789 ἦν
769 1714 854 1774 αὐτοῦ
867 1715 984 1776 δυνατοί-

181 1827 266 1862 τατον
286 1805 342 1862 πᾶν
358 1801 505 1872 ἀπολέξας,
521 1803 623 1878 ἔστησε
642 1801 735 1862 άντίον
749 1803 982 1880 Λακεδαιμονίων·

182 1891 215 1950 τό
236 1891 265 1949 δέ
285 1889 487 1966 α’σθενέστερον
505 1891 642 1967 παρέταξε
663 1890 733 1949 κατά
754 1890 819 1954 τους
835 1891 989 1972 Τεγεήτας·Ι

182 1983 269 2038 ταῦτα
287 1977 310 2036 δ’
330 1979 419 2037 ἐποίεε
436 1977 596 2054 φραζόντων
614 2004 645 2037 τε
664 1978 710 2035 καὶ
726 1978 911 2039 διδασκόντων
928 1987 984 2056 Θη-

182 2068 280 2143 βαίων.
316 2067 449 2143 Περσέων
463 2066 492 2124 δὲ
506 2067 654 2145 ἐχομένους
668 2066 746 2135 ἔταξε
760 2067 883 2142 Μήδους·
906 2065 984 2128 οὗτοι

184 2155 213 2213 δὲ
240 2156 361 2234 ἐπέσχον
388 2155 553 2231 Κορινθίους
583 2180 614 2213 τε
642 2154 688 2212 καὶ
714 2154 908 2230 Ποτιδαιήτας,
938 2158 985 2215 καὶ

182 2242 377 2320 Ὀρχομενίους
404 2269 434 2301 τε
458 2242 503 2300 καὶ
528 2242 700 2306 Σικυωνίους.
742 2242 846 2318 Μήδων
871 2243 900 2302 δὲ
923 2249 985 2323 ἐχο·

182 2331 280 2407 μένους
304 2330 381 2398 ἔταξε
407 2331 569 2406 Βακτρίους·
605 2326 681 2389 οὗτοι
708 2329 738 2388 δέ
761 2332 883 2408 ἐπέσχον
906 2331 986 2390 Ἐπι-

183 2418 308 2495 δαυρίους
323 2444 354 2478 τε
377 2419 422 2477 καὶ
442 2419 625 2494 Τροιζηνίους,
647 2419 692 2476 καὶ
713 2419 874 2495 Λεπρεήτας
890 2445 920 2478 τε
939 2422 986 2478 καὶ

183 2507 350 2585 Τιρυνθίους,
366 2506 411 2565 καὶ
425 2507 601 2581 Μυκηναίους
614 2531 645 2566 τε
659 2508 705 2566 καὶ
718 2508 879 2570 Φλιασίους.
914 2508 986 2584 μετὰ

184 2595 213 2654 δέ
228 2596 379 2672 Βακτρίους
398 2596 501 2670 ἔστησε
517 2593 628 2656 Ἰνδούς·
654 2593 730 2654 οὗτοι
746 2595 775 2652 δέ
789 2596 911 2672 ἐπέσχον
923 2595 985 2672 Ἑρ-

184 2686 295 2762 μιονέας
312 2710 343 2743 τε
361 2685 406 2742 καὶ
423 2682 586 2758 Ἐρετριέας,
606 2683 652 2740 καὶ
666 2685 786 2760 Στυρέας
802 2709 833 2741 τε
847 2684 892 2740 καὶ
907 2688 986 2741 Χαλ-

185 2773 283 2837 κιδέας.
317 2772 411 2832 Ἰνδῶν
422 2771 451 2830 δέ
461 2772 609 2850 ἐχομένους
621 2770 712 2834 Σάκας
723 2771 809 2840 ἔταξε·
827 2771 853 2829 οἳ
864 2772 987 2850 ἐπέσχον

184 2859 393 2938 Ἀμπρακιήτας
412 2886 443 2920 τε
463 2859 509 2917 καὶ
527 2858 730 2936 Ἀνακτορίους,
753 2859 798 2917 καὶ
811 2859 986 2928 Λευκαδίους,

186 2949 231 3006 καὶ
250 2950 373 3020 Παλέας,
394 2948 439 3006 καὶ
458 2946 616 3026 Αἰγινήτας.
658 2947 769 3010 Σακέων
791 2947 820 3006 δέ
839 2947 987 3025 ἐχομένους

186 3036 263 3102 ἔταξε
276 3035 356 3094 ἀντία
368 3034 522 3109 Ἀθηναίων
539 3061 571 3093 τε
589 3035 635 3092 καὶ
652 3036 818 3095 Πλαταιέων
832 3035 877 3092 καὶ
891 3041 988 3116 Μεγα-

186 3121 254 3195 ρέων
267 3121 403 3182 Βοιωτούς
423 3146 454 3178 τε
475 3122 520 3178 καὶ
533 3122 666 3198 Λοκροὺς,
682 3123 727 3180 καὶ
748 3124 876 3198 Μηλιέας
892 3149 923 3181 τε
942 3124 988 3182 καὶ

185 3207 359 3276 Θεσσολούς,
388 3208 433 3264 καὶ
453 3208 568 3266 Φωκέων
587 3207 651 3270 τούς
671 3210 789 3286 χιλίους·
821 3209 853 3268 οὐ
874 3209 929 3288 γάρ
951 3209 988 3270 ὧν

185 3290 303 3353 ἅπαντες
323 3296 351 3352 οἱ
370 3293 476 3356 Φωκέες
494 3294 639 3369 ἐμήδισαν·
661 3294 737 3356 άλλά
753 3323 824 3360 τινες
837 3295 928 3356 αὐτῶν
942 3298 988 3356 καὶ
