<?xml version="1.0" encoding="UTF-8"?>
<!DOCTYPE html PUBLIC "-//W3C//DTD XHTML 1.0 Transitional//EN"
    "http://www.w3.org/TR/xhtml1/DTD/xhtml1-transitional.dtd">
<html xmlns="http://www.w3.org/1999/xhtml" xml:lang="en" lang="en">
 <head>
  <title>
</title>
<meta http-equiv="Content-Type" content="text/html;charset=utf-8" />
  <meta name='ocr-system' content='tesseract 3.04.00' />
  <meta name='ocr-capabilities' content='ocr_page ocr_carea ocr_par ocr_line ocrx_word'/>
</head>
<body>
  <div class='ocr_page' id='page_1' title='image "./herodotusrecens00blakgoog_0312.png"; bbox 0 0 2250 3552; ppageno 0'>
   <div class='ocr_carea' id='block_1_1' title="bbox 120 153 978 3387">
    <p class='ocr_par' dir='ltr' id='par_1_1' title="bbox 168 153 978 1900">
     <span class='ocr_line' id='line_1_1' title="bbox 170 153 974 220; baseline 0.007 -20"><span class='ocrx_word' id='word_1_1' title='bbox 170 153 217 202; x_wconf 74' lang='grc' dir='ltr'>ιω</span> <span class='ocrx_word' id='word_1_2' title='bbox 477 156 660 204; x_wconf 66' lang='grc' dir='ltr'>«ιινοιονοτ</span> <span class='ocrx_word' id='word_1_3' title='bbox 909 154 974 220; x_wconf 81' lang='lat' dir='ltr'>[lx.</span> 
     </span>
     <span class='ocr_line' id='line_1_2' title="bbox 169 232 978 314; baseline 0 -20"><span class='ocrx_word' id='word_1_4' title='bbox 169 233 364 312; x_wconf 81' lang='grc' dir='ltr'>Ἀλεξάνδρου·</span> <span class='ocrx_word' id='word_1_5' title='bbox 391 235 407 294; x_wconf 85' lang='grc' dir='ltr'>ό</span> <span class='ocrx_word' id='word_1_6' title='bbox 428 235 456 292; x_wconf 85' lang='grc' dir='ltr'>δὲ</span> <span class='ocrx_word' id='word_1_7' title='bbox 478 233 565 313; x_wconf 72' lang='grc' dir='ltr'>τούτῳ</span> <span class='ocrx_word' id='word_1_8' title='bbox 589 235 627 312; x_wconf 74' lang='grc' dir='ltr'>τῷ</span> <span class='ocrx_word' id='word_1_9' title='bbox 654 232 731 314; x_wconf 86' lang='grc' dir='ltr'>λόγῳ</span> <span class='ocrx_word' id='word_1_10' title='bbox 759 233 978 310; x_wconf 77' lang='grc' dir='ltr'>καταρρωδήσας</span> 
     </span>
     <span class='ocr_line' id='line_1_3' title="bbox 170 321 977 404; baseline 0 -23"><span class='ocrx_word' id='word_1_11' title='bbox 170 322 235 386; x_wconf 84' lang='grc' dir='ltr'>τοὺς</span> <span class='ocrx_word' id='word_1_12' title='bbox 263 325 386 399; x_wconf 79' lang='grc' dir='ltr'>Πέρσας,</span> <span class='ocrx_word' id='word_1_13' title='bbox 412 324 491 404; x_wconf 82' lang='grc' dir='ltr'>ἔλεγε</span> <span class='ocrx_word' id='word_1_14' title='bbox 512 321 586 381; x_wconf 87' lang='grc' dir='ltr'>τάδε·</span> <span class='ocrx_word' id='word_1_15' title='bbox 615 322 701 380; x_wconf 64' lang='grc' dir='ltr'>ι’ἐπεὶ</span> <span class='ocrx_word' id='word_1_16' title='bbox 724 322 816 380; x_wconf 84' lang='grc' dir='ltr'>τοίνυν</span> <span class='ocrx_word' id='word_1_17' title='bbox 843 326 870 384; x_wconf 86' lang='grc' dir='ltr'>ἐς</span> <span class='ocrx_word' id='word_1_18' title='bbox 892 321 933 397; x_wconf 74' lang='grc' dir='ltr'>ηἰὺ</span> <span class='ocrx_word' id='word_1_19' title='bbox 955 323 977 400; x_wconf 81' lang='grc' dir='ltr'><em>ἦ</em></span> 
     </span>
     <span class='ocr_line' id='line_1_4' title="bbox 172 409 977 491; baseline 0 -21"><span class='ocrx_word' id='word_1_20' title='bbox 172 412 308 487; x_wconf 82' lang='grc' dir='ltr'>συμβολή</span> <span class='ocrx_word' id='word_1_21' title='bbox 324 413 437 491; x_wconf 86' lang='grc' dir='ltr'>γίνεται,</span> <span class='ocrx_word' id='word_1_22' title='bbox 456 412 542 487; x_wconf 90' lang='grc' dir='ltr'>ὑμέας</span> <span class='ocrx_word' id='word_1_23' title='bbox 561 412 613 486; x_wconf 77' lang='grc' dir='ltr'>μὲν</span> <span class='ocrx_word' id='word_1_24' title='bbox 630 409 714 488; x_wconf 89' lang='grc' dir='ltr'>χρεόν</span> <span class='ocrx_word' id='word_1_25' title='bbox 734 414 796 468; x_wconf 87' lang='grc' dir='ltr'>ἐστι</span> <span class='ocrx_word' id='word_1_26' title='bbox 813 409 878 472; x_wconf 86' lang='grc' dir='ltr'>τοὺς</span> <span class='ocrx_word' id='word_1_27' title='bbox 889 409 977 488; x_wconf 86' lang='grc' dir='ltr'>Ἀθη-</span> 
     </span>
     <span class='ocr_line' id='line_1_5' title="bbox 171 496 977 575; baseline 0 -17"><span class='ocrx_word' id='word_1_28' title='bbox 171 500 262 561; x_wconf 86' lang='grc' dir='ltr'>ναίους</span> <span class='ocrx_word' id='word_1_29' title='bbox 275 503 377 574; x_wconf 83' lang='grc' dir='ltr'>στῆναι</span> <span class='ocrx_word' id='word_1_30' title='bbox 391 499 461 559; x_wconf 82' lang='grc' dir='ltr'>κατά</span> <span class='ocrx_word' id='word_1_31' title='bbox 473 498 538 562; x_wconf 83' lang='grc' dir='ltr'>τοὺς</span> <span class='ocrx_word' id='word_1_32' title='bbox 549 499 672 575; x_wconf 78' lang='grc' dir='ltr'>Πέρσας,</span> <span class='ocrx_word' id='word_1_33' title='bbox 682 496 770 574; x_wconf 81' lang='grc' dir='ltr'>ἡμέας</span> <span class='ocrx_word' id='word_1_34' title='bbox 783 497 813 556; x_wconf 86' lang='grc' dir='ltr'>δέ</span> <span class='ocrx_word' id='word_1_35' title='bbox 827 497 897 557; x_wconf 86' lang='grc' dir='ltr'>κατοὶ</span> <span class='ocrx_word' id='word_1_36' title='bbox 909 499 977 564; x_wconf 84' lang='grc' dir='ltr'>τοὺς</span> 
     </span>
     <span class='ocr_line' id='line_1_6' title="bbox 170 585 976 666; baseline -0.001 -20"><span class='ocrx_word' id='word_1_37' title='bbox 170 586 307 650; x_wconf 76' lang='grc' dir='ltr'>Βοιωτούς</span> <span class='ocrx_word' id='word_1_38' title='bbox 319 613 350 646; x_wconf 89' lang='grc' dir='ltr'>τε</span> <span class='ocrx_word' id='word_1_39' title='bbox 364 587 409 645; x_wconf 87' lang='grc' dir='ltr'>καὶ</span> <span class='ocrx_word' id='word_1_40' title='bbox 423 587 488 650; x_wconf 90' lang='grc' dir='ltr'>τοὺς</span> <span class='ocrx_word' id='word_1_41' title='bbox 501 585 559 646; x_wconf 85' lang='grc' dir='ltr'>κατ’</span> <span class='ocrx_word' id='word_1_42' title='bbox 575 585 660 663; x_wconf 89' lang='grc' dir='ltr'>ὑμέας</span> <span class='ocrx_word' id='word_1_43' title='bbox 673 586 857 666; x_wconf 77' lang='grc' dir='ltr'>τεταγμένους</span> <span class='ocrx_word' id='word_1_44' title='bbox 870 585 976 664; x_wconf 83' lang='grc' dir='ltr'>Ἑλλή-</span> 
     </span>
     <span class='ocr_line' id='line_1_7' title="bbox 170 673 977 751; baseline -0.004 -15"><span class='ocrx_word' id='word_1_45' title='bbox 170 702 230 745; x_wconf 89' lang='grc' dir='ltr'>νων,</span> <span class='ocrx_word' id='word_1_46' title='bbox 253 675 338 735; x_wconf 81' lang='grc' dir='ltr'>τῶνδε</span> <span class='ocrx_word' id='word_1_47' title='bbox 361 675 459 734; x_wconf 83' lang='grc' dir='ltr'>εἵνεκα·</span> <span class='ocrx_word' id='word_1_48' title='bbox 493 674 571 751; x_wconf 83' lang='grc' dir='ltr'>ὑμεῖς</span> <span class='ocrx_word' id='word_1_49' title='bbox 593 674 748 733; x_wconf 84' lang='grc' dir='ltr'>ἐπίστασθε</span> <span class='ocrx_word' id='word_1_50' title='bbox 770 673 836 736; x_wconf 85' lang='grc' dir='ltr'>τοὺς</span> <span class='ocrx_word' id='word_1_51' title='bbox 859 673 977 749; x_wconf 82' lang='grc' dir='ltr'>Μήδους</span> 
     </span>
     <span class='ocr_line' id='line_1_8' title="bbox 171 761 975 842; baseline 0 -20"><span class='ocrx_word' id='word_1_52' title='bbox 171 764 216 822; x_wconf 83' lang='grc' dir='ltr'>καὶ</span> <span class='ocrx_word' id='word_1_53' title='bbox 238 763 290 838; x_wconf 86' lang='grc' dir='ltr'>τήν</span> <span class='ocrx_word' id='word_1_54' title='bbox 305 763 399 842; x_wconf 88' lang='grc' dir='ltr'>μάχην</span> <span class='ocrx_word' id='word_1_55' title='bbox 421 762 518 834; x_wconf 83' lang='grc' dir='ltr'>αὑτῶν,</span> <span class='ocrx_word' id='word_1_56' title='bbox 543 768 571 822; x_wconf 90' lang='grc' dir='ltr'>ἐν</span> <span class='ocrx_word' id='word_1_57' title='bbox 595 763 749 836; x_wconf 81' lang='grc' dir='ltr'>Μαραθῶνι</span> <span class='ocrx_word' id='word_1_58' title='bbox 771 761 975 840; x_wconf 77' lang='grc' dir='ltr'>μαχεσάμενοι·</span> 
     </span>
     <span class='ocr_line' id='line_1_9' title="bbox 173 848 977 930; baseline 0 -20"><span class='ocrx_word' id='word_1_59' title='bbox 173 852 251 928; x_wconf 80' lang='grc' dir='ltr'>ἡμεῖς</span> <span class='ocrx_word' id='word_1_60' title='bbox 275 851 304 909; x_wconf 84' lang='grc' dir='ltr'>δέ</span> <span class='ocrx_word' id='word_1_61' title='bbox 326 850 438 928; x_wconf 77' lang='grc' dir='ltr'>ἄπειροί</span> <span class='ocrx_word' id='word_1_62' title='bbox 454 851 488 930; x_wconf 69' lang='grc' dir='ltr'>γε’</span> <span class='ocrx_word' id='word_1_63' title='bbox 511 854 586 926; x_wconf 84' lang='grc' dir='ltr'>εἶμεν</span> <span class='ocrx_word' id='word_1_64' title='bbox 610 851 655 908; x_wconf 86' lang='grc' dir='ltr'>καὶ</span> <span class='ocrx_word' id='word_1_65' title='bbox 677 848 772 911; x_wconf 86' lang='grc' dir='ltr'>άδαέες</span> <span class='ocrx_word' id='word_1_66' title='bbox 793 849 896 909; x_wconf 79' lang='grc' dir='ltr'>τούτων</span> <span class='ocrx_word' id='word_1_67' title='bbox 919 855 977 910; x_wconf 85' lang='grc' dir='ltr'>τῶν</span> 
     </span>
     <span class='ocr_line' id='line_1_10' title="bbox 170 937 975 1019; baseline -0.004 -21"><span class='ocrx_word' id='word_1_68' title='bbox 170 940 284 1017; x_wconf 84' lang='grc' dir='ltr'>άνδρῶν·</span> <span class='ocrx_word' id='word_1_69' title='bbox 314 940 508 1016; x_wconf 79' lang='grc' dir='ltr'>Σπαρτιητέων</span> <span class='ocrx_word' id='word_1_70' title='bbox 529 938 584 1019; x_wconf 83' lang='grc' dir='ltr'>γάρ</span> <span class='ocrx_word' id='word_1_71' title='bbox 606 937 692 1000; x_wconf 74' lang='grc' dir='ltr'>οὐδεὶς</span> <span class='ocrx_word' id='word_1_72' title='bbox 719 939 882 1014; x_wconf 83' lang='grc' dir='ltr'>πεπείρηται</span> <span class='ocrx_word' id='word_1_73' title='bbox 910 941 975 1014; x_wconf 90' lang='grc' dir='ltr'>Μή-</span> 
     </span>
     <span class='ocr_line' id='line_1_11' title="bbox 171 1027 978 1105; baseline 0 -18"><span class='ocrx_word' id='word_1_74' title='bbox 171 1028 234 1088; x_wconf 86' lang='grc' dir='ltr'>δων·</span> <span class='ocrx_word' id='word_1_75' title='bbox 272 1027 353 1105; x_wconf 85' lang='grc' dir='ltr'>ήμεῖς</span> <span class='ocrx_word' id='word_1_76' title='bbox 380 1027 409 1086; x_wconf 82' lang='grc' dir='ltr'>δὲ</span> <span class='ocrx_word' id='word_1_77' title='bbox 436 1031 563 1086; x_wconf 79' lang='grc' dir='ltr'>Βοιωτῶν</span> <span class='ocrx_word' id='word_1_78' title='bbox 591 1027 637 1085; x_wconf 86' lang='grc' dir='ltr'>καὶ</span> <span class='ocrx_word' id='word_1_79' title='bbox 663 1029 821 1084; x_wconf 80' lang='grc' dir='ltr'>Θεσσαλῶν</span> <span class='ocrx_word' id='word_1_80' title='bbox 848 1027 978 1104; x_wconf 82' lang='grc' dir='ltr'>ἔμπειροί</span> 
     </span>
     <span class='ocr_line' id='line_1_12' title="bbox 170 1113 974 1192; baseline 0.001 -18"><span class='ocrx_word' id='word_1_81' title='bbox 170 1120 253 1192; x_wconf 84' lang='grc' dir='ltr'>εἰμεν.</span> <span class='ocrx_word' id='word_1_82' title='bbox 295 1114 361 1174; x_wconf 73' lang='grc' dir='ltr'>ἀλλ’</span> <span class='ocrx_word' id='word_1_83' title='bbox 375 1115 571 1190; x_wconf 83' lang='grc' dir='ltr'>ἀναλαβόντας</span> <span class='ocrx_word' id='word_1_84' title='bbox 587 1113 622 1173; x_wconf 78' lang='grc' dir='ltr'>τά</span> <span class='ocrx_word' id='word_1_85' title='bbox 639 1113 715 1174; x_wconf 84' lang='grc' dir='ltr'>ὅπλα</span> <span class='ocrx_word' id='word_1_86' title='bbox 727 1113 810 1192; x_wconf 79' lang='grc' dir='ltr'>χρεόν</span> <span class='ocrx_word' id='word_1_87' title='bbox 825 1118 886 1174; x_wconf 87' lang='grc' dir='ltr'>ἐστι</span> <span class='ocrx_word' id='word_1_88' title='bbox 904 1115 974 1175; x_wconf 82' lang='grc' dir='ltr'>ἰέναι</span> 
     </span>
     <span class='ocr_line' id='line_1_13' title="bbox 170 1201 974 1281; baseline -0.004 -17"><span class='ocrx_word' id='word_1_89' title='bbox 170 1203 257 1281; x_wconf 86' lang='grc' dir='ltr'>ὑμέας</span> <span class='ocrx_word' id='word_1_90' title='bbox 277 1206 329 1280; x_wconf 78' lang='grc' dir='ltr'>μὲν</span> <span class='ocrx_word' id='word_1_91' title='bbox 349 1209 376 1266; x_wconf 90' lang='grc' dir='ltr'>ἐς</span> <span class='ocrx_word' id='word_1_92' title='bbox 395 1203 459 1262; x_wconf 87' lang='grc' dir='ltr'>τόδε</span> <span class='ocrx_word' id='word_1_93' title='bbox 481 1203 514 1262; x_wconf 81' lang='grc' dir='ltr'>τό</span> <span class='ocrx_word' id='word_1_94' title='bbox 538 1203 627 1280; x_wconf 89' lang='grc' dir='ltr'>κέρας,</span> <span class='ocrx_word' id='word_1_95' title='bbox 646 1202 733 1278; x_wconf 80' lang='grc' dir='ltr'>ἡμέας</span> <span class='ocrx_word' id='word_1_96' title='bbox 755 1203 784 1260; x_wconf 84' lang='grc' dir='ltr'>δὲ</span> <span class='ocrx_word' id='word_1_97' title='bbox 806 1207 833 1264; x_wconf 90' lang='grc' dir='ltr'>ἐς</span> <span class='ocrx_word' id='word_1_98' title='bbox 854 1201 887 1262; x_wconf 80' lang='grc' dir='ltr'>τό</span> <span class='ocrx_word' id='word_1_99' title='bbox 909 1201 974 1262; x_wconf 77' lang='grc' dir='ltr'>εὑιὺ·</span> 
     </span>
     <span class='ocr_line' id='line_1_14' title="bbox 169 1288 974 1369; baseline -0.001 -18"><span class='ocrx_word' id='word_1_100' title='bbox 169 1290 280 1368; x_wconf 85' lang='grc' dir='ltr'>νυμον.”</span> <span class='ocrx_word' id='word_1_101' title='bbox 320 1291 390 1369; x_wconf 79' lang='grc' dir='ltr'>πρός</span> <span class='ocrx_word' id='word_1_102' title='bbox 414 1291 443 1350; x_wconf 81' lang='grc' dir='ltr'>δὲ</span> <span class='ocrx_word' id='word_1_103' title='bbox 465 1295 553 1351; x_wconf 82' lang='grc' dir='ltr'>ταῦτα</span> <span class='ocrx_word' id='word_1_104' title='bbox 578 1291 657 1350; x_wconf 81' lang='grc' dir='ltr'>εἶπαν</span> <span class='ocrx_word' id='word_1_105' title='bbox 681 1293 708 1349; x_wconf 84' lang='grc' dir='ltr'>οἱ</span> <span class='ocrx_word' id='word_1_106' title='bbox 730 1288 874 1365; x_wconf 84' lang='grc' dir='ltr'>Ἀθηναῖοι</span> <span class='ocrx_word' id='word_1_107' title='bbox 896 1290 974 1350; x_wconf 88' lang='grc' dir='ltr'>τάδε·</span> 
     </span>
     <span class='ocr_line' id='line_1_15' title="bbox 170 1377 974 1457; baseline 0.001 -20"><span class='ocrx_word' id='word_1_108' title='bbox 170 1389 187 1414; x_wconf 86' lang='grc'><strong>“</strong></span> <span class='ocrx_word' id='word_1_109' title='bbox 195 1381 241 1438; x_wconf 86' lang='grc' dir='ltr'>καὶ</span> <span class='ocrx_word' id='word_1_110' title='bbox 255 1379 366 1440; x_wconf 88' lang='grc' dir='ltr'>αὑτοῖσι</span> <span class='ocrx_word' id='word_1_111' title='bbox 379 1378 446 1456; x_wconf 80' lang='grc' dir='ltr'>ἡμῖν</span> <span class='ocrx_word' id='word_1_112' title='bbox 462 1379 552 1455; x_wconf 82' lang='grc' dir='ltr'>πάλαι</span> <span class='ocrx_word' id='word_1_113' title='bbox 570 1377 617 1438; x_wconf 78' lang='grc' dir='ltr'>ἀπ’</span> <span class='ocrx_word' id='word_1_114' title='bbox 630 1377 727 1457; x_wconf 76' lang='grc' dir='ltr'>ἀρχῆς,</span> <span class='ocrx_word' id='word_1_115' title='bbox 742 1380 804 1436; x_wconf 86' lang='grc' dir='ltr'>ἐπεί</span> <span class='ocrx_word' id='word_1_116' title='bbox 819 1404 850 1436; x_wconf 91' lang='grc' dir='ltr'>τε</span> <span class='ocrx_word' id='word_1_117' title='bbox 865 1377 974 1454; x_wconf 85' lang='grc' dir='ltr'>εἴδομεν</span> 
     </span>
     <span class='ocr_line' id='line_1_16' title="bbox 169 1465 974 1547; baseline 0.002 -23"><span class='ocrx_word' id='word_1_118' title='bbox 169 1465 227 1525; x_wconf 89' lang='grc' dir='ltr'>κατ’</span> <span class='ocrx_word' id='word_1_119' title='bbox 260 1466 347 1544; x_wconf 87' lang='grc' dir='ltr'>ὑμέας</span> <span class='ocrx_word' id='word_1_120' title='bbox 380 1468 573 1544; x_wconf 87' lang='grc' dir='ltr'>τασσομένους</span> <span class='ocrx_word' id='word_1_121' title='bbox 606 1466 670 1529; x_wconf 88' lang='grc' dir='ltr'>τοὺς</span> <span class='ocrx_word' id='word_1_122' title='bbox 704 1466 827 1542; x_wconf 87' lang='grc' dir='ltr'>Πέρσας,</span> <span class='ocrx_word' id='word_1_123' title='bbox 856 1471 885 1525; x_wconf 91' lang='grc' dir='ltr'>ἐν</span> <span class='ocrx_word' id='word_1_124' title='bbox 919 1466 974 1547; x_wconf 83' lang='grc' dir='ltr'>νόῳ</span> 
     </span>
     <span class='ocr_line' id='line_1_17' title="bbox 170 1553 973 1634; baseline 0 -21"><span class='ocrx_word' id='word_1_125' title='bbox 170 1555 277 1634; x_wconf 86' lang='grc' dir='ltr'>ἐγένετο</span> <span class='ocrx_word' id='word_1_126' title='bbox 300 1558 386 1614; x_wconf 82' lang='grc' dir='ltr'>εἰπεῖν</span> <span class='ocrx_word' id='word_1_127' title='bbox 407 1559 496 1615; x_wconf 83' lang='grc' dir='ltr'>ταῦτα</span> <span class='ocrx_word' id='word_1_128' title='bbox 516 1555 604 1631; x_wconf 91' lang='grc' dir='ltr'>τάπερ</span> <span class='ocrx_word' id='word_1_129' title='bbox 625 1553 702 1630; x_wconf 85' lang='grc' dir='ltr'>ὑμεῖς</span> <span class='ocrx_word' id='word_1_130' title='bbox 724 1553 845 1628; x_wconf 75' lang='grc' dir='ltr'>φθάντες</span> <span class='ocrx_word' id='word_1_131' title='bbox 866 1556 973 1630; x_wconf 87' lang='grc' dir='ltr'>προφέ-</span> 
     </span>
     <span class='ocr_line' id='line_1_18' title="bbox 169 1639 973 1724; baseline 0.001 -23"><span class='ocrx_word' id='word_1_132' title='bbox 169 1668 240 1719; x_wconf 89' lang='grc' dir='ltr'>ρετε·</span> <span class='ocrx_word' id='word_1_133' title='bbox 271 1641 352 1702; x_wconf 72' lang='grc' dir='ltr'>’άλλά</span> <span class='ocrx_word' id='word_1_134' title='bbox 378 1643 433 1724; x_wconf 81' lang='grc' dir='ltr'>γάρ</span> <span class='ocrx_word' id='word_1_135' title='bbox 462 1643 633 1720; x_wconf 76' lang='grc' dir='ltr'>ἀρρωδέομεν</span> <span class='ocrx_word' id='word_1_136' title='bbox 660 1641 699 1718; x_wconf 82' lang='grc' dir='ltr'>μή</span> <span class='ocrx_word' id='word_1_137' title='bbox 727 1641 792 1717; x_wconf 81' lang='grc' dir='ltr'>ὑμῖν</span> <span class='ocrx_word' id='word_1_138' title='bbox 819 1639 868 1700; x_wconf 89' lang='grc' dir='ltr'>οὑκ</span> <span class='ocrx_word' id='word_1_139' title='bbox 894 1641 973 1717; x_wconf 81' lang='grc' dir='ltr'>ἡδέες</span> 
     </span>
     <span class='ocr_line' id='line_1_19' title="bbox 168 1728 973 1813; baseline 0 -25"><span class='ocrx_word' id='word_1_140' title='bbox 168 1731 299 1813; x_wconf 79' lang='grc' dir='ltr'>γένωνται</span> <span class='ocrx_word' id='word_1_141' title='bbox 318 1735 344 1790; x_wconf 84' lang='grc' dir='ltr'>οἱ</span> <span class='ocrx_word' id='word_1_142' title='bbox 362 1731 454 1812; x_wconf 81' lang='grc' dir='ltr'>λόγοι·</span> <span class='ocrx_word' id='word_1_143' title='bbox 477 1733 536 1790; x_wconf 83' lang='grc' dir='ltr'>ἐπεὶ</span> <span class='ocrx_word' id='word_1_144' title='bbox 557 1730 579 1790; x_wconf 88' lang='grc' dir='ltr'>δ’</span> <span class='ocrx_word' id='word_1_145' title='bbox 594 1729 631 1790; x_wconf 81' lang='grc' dir='ltr'>ὦν</span> <span class='ocrx_word' id='word_1_146' title='bbox 647 1729 726 1789; x_wconf 80' lang='grc' dir='ltr'>αὑτοὶ</span> <span class='ocrx_word' id='word_1_147' title='bbox 745 1728 910 1806; x_wconf 82' lang='grc' dir='ltr'>ἐμνήσθητε,</span> <span class='ocrx_word' id='word_1_148' title='bbox 926 1731 973 1788; x_wconf 83' lang='grc' dir='ltr'>καὶ</span> 
     </span>
     <span class='ocr_line' id='line_1_20' title="bbox 168 1819 973 1900; baseline -0.002 -22"><span class='ocrx_word' id='word_1_149' title='bbox 168 1819 331 1896; x_wconf 75' lang='grc' dir='ltr'>ἡδομένοισι</span> <span class='ocrx_word' id='word_1_150' title='bbox 344 1820 411 1897; x_wconf 85' lang='grc' dir='ltr'>ἡμῖν</span> <span class='ocrx_word' id='word_1_151' title='bbox 426 1822 452 1878; x_wconf 81' lang='grc' dir='ltr'>οἱ</span> <span class='ocrx_word' id='word_1_152' title='bbox 466 1819 548 1899; x_wconf 84' lang='grc' dir='ltr'>λόγοι</span> <span class='ocrx_word' id='word_1_153' title='bbox 560 1819 704 1900; x_wconf 86' lang='grc' dir='ltr'>γεγόνασι,</span> <span class='ocrx_word' id='word_1_154' title='bbox 720 1819 766 1877; x_wconf 86' lang='grc' dir='ltr'>καὶ</span> <span class='ocrx_word' id='word_1_155' title='bbox 777 1819 885 1895; x_wconf 83' lang='grc' dir='ltr'>ἐτοῖμοί</span> <span class='ocrx_word' id='word_1_156' title='bbox 897 1823 973 1895; x_wconf 82' lang='grc' dir='ltr'>εἰμεν</span> 
     </span>
    </p>

    <p class='ocr_par' dir='ltr' id='par_1_2' title="bbox 120 1905 973 2075">
     <span class='ocr_line' id='line_1_21' title="bbox 120 1905 972 1983; baseline 0.001 -18"><span class='ocrx_word' id='word_1_157' title='bbox 120 1908 157 1965; x_wconf 83' lang='grc'>47</span> <span class='ocrx_word' id='word_1_158' title='bbox 168 1909 271 1967; x_wconf 87' lang='grc' dir='ltr'>ποιέειν</span> <span class='ocrx_word' id='word_1_159' title='bbox 291 1907 403 1967; x_wconf 82' lang='grc' dir='ltr'>ταῦτα.”</span> <span class='ocrx_word' id='word_1_160' title='bbox 443 1906 492 1970; x_wconf 87' lang='grc' dir='ltr'>Ὡς</span> <span class='ocrx_word' id='word_1_161' title='bbox 508 1907 531 1966; x_wconf 85' lang='grc' dir='ltr'>δ’</span> <span class='ocrx_word' id='word_1_162' title='bbox 547 1907 649 1983; x_wconf 83' lang='grc' dir='ltr'>ἤρεσκε</span> <span class='ocrx_word' id='word_1_163' title='bbox 669 1905 858 1983; x_wconf 78' lang='grc' dir='ltr'>ἀμφοτέροισι</span> <span class='ocrx_word' id='word_1_164' title='bbox 873 1910 972 1977; x_wconf 81' lang='grc' dir='ltr'>ταῦτα,</span> 
     </span>
     <span class='ocr_line' id='line_1_22' title="bbox 168 1993 973 2075; baseline -0.001 -22"><span class='ocrx_word' id='word_1_165' title='bbox 168 1994 222 2070; x_wconf 83' lang='grc' dir='ltr'>ήιός</span> <span class='ocrx_word' id='word_1_166' title='bbox 234 2023 265 2055; x_wconf 92' lang='grc' dir='ltr'>τε</span> <span class='ocrx_word' id='word_1_167' title='bbox 279 1997 402 2072; x_wconf 83' lang='grc' dir='ltr'>διέφαινε</span> <span class='ocrx_word' id='word_1_168' title='bbox 417 1996 462 2054; x_wconf 83' lang='grc' dir='ltr'>καὶ</span> <span class='ocrx_word' id='word_1_169' title='bbox 476 1995 687 2054; x_wconf 84' lang='grc' dir='ltr'>διαλλάσσοντο</span> <span class='ocrx_word' id='word_1_170' title='bbox 700 1994 750 2056; x_wconf 81' lang='grc' dir='ltr'>τάς</span> <span class='ocrx_word' id='word_1_171' title='bbox 760 1994 845 2062; x_wconf 82' lang='grc' dir='ltr'>τάξις·</span> <span class='ocrx_word' id='word_1_172' title='bbox 860 1993 973 2075; x_wconf 82' lang='grc' dir='ltr'>γνόντες</span> 
     </span>
    </p>

    <p class='ocr_par' dir='ltr' id='par_1_3' title="bbox 166 2081 972 2687">
     <span class='ocr_line' id='line_1_23' title="bbox 188 2081 972 2163; baseline -0.005 -21"><span class='ocrx_word' id='word_1_173' title='bbox 188 2086 200 2142; x_wconf 83' lang='grc' dir='ltr'>ἐ</span> <span class='ocrx_word' id='word_1_174' title='bbox 227 2087 254 2143; x_wconf 86' lang='grc' dir='ltr'>οἱ</span> <span class='ocrx_word' id='word_1_175' title='bbox 276 2085 392 2144; x_wconf 86' lang='grc' dir='ltr'>Βοιωτοὶ</span> <span class='ocrx_word' id='word_1_176' title='bbox 415 2083 447 2142; x_wconf 83' lang='grc' dir='ltr'>τό</span> <span class='ocrx_word' id='word_1_177' title='bbox 472 2083 642 2158; x_wconf 81' lang='grc' dir='ltr'>ποιεύμενον,</span> <span class='ocrx_word' id='word_1_178' title='bbox 672 2081 868 2163; x_wconf 82' lang='grc' dir='ltr'>ἐξαγορεύουσι</span> <span class='ocrx_word' id='word_1_179' title='bbox 890 2087 972 2158; x_wconf 86' lang='grc' dir='ltr'>Μαρ-</span> 
     </span>
     <span class='ocr_line' id='line_1_24' title="bbox 168 2168 972 2251; baseline -0.001 -21"><span class='ocrx_word' id='word_1_180' title='bbox 168 2171 257 2251; x_wconf 82' lang='grc' dir='ltr'>δονίῳ·</span> <span class='ocrx_word' id='word_1_181' title='bbox 279 2171 335 2231; x_wconf 82' lang='grc' dir='ltr'>ὁδ’</span> <span class='ocrx_word' id='word_1_182' title='bbox 354 2173 415 2230; x_wconf 86' lang='grc' dir='ltr'>ἐπεί</span> <span class='ocrx_word' id='word_1_183' title='bbox 432 2197 464 2231; x_wconf 87' lang='grc' dir='ltr'>τε</span> <span class='ocrx_word' id='word_1_184' title='bbox 484 2169 597 2246; x_wconf 82' lang='grc' dir='ltr'>ἤκουσε,</span> <span class='ocrx_word' id='word_1_185' title='bbox 619 2171 717 2230; x_wconf 75' lang='grc' dir='ltr'>αὐτίκα</span> <span class='ocrx_word' id='word_1_186' title='bbox 738 2168 903 2247; x_wconf 87' lang='grc' dir='ltr'>μετιστάναι</span> <span class='ocrx_word' id='word_1_187' title='bbox 925 2171 972 2229; x_wconf 82' lang='grc' dir='ltr'>καὶ</span> 
     </span>
     <span class='ocr_line' id='line_1_25' title="bbox 167 2257 972 2340; baseline 0.001 -25"><span class='ocrx_word' id='word_1_188' title='bbox 167 2257 250 2322; x_wconf 83' lang='grc' dir='ltr'>αὑτός</span> <span class='ocrx_word' id='word_1_189' title='bbox 276 2264 412 2334; x_wconf 79' lang='grc' dir='ltr'>ἐπειρᾶτο,</span> <span class='ocrx_word' id='word_1_190' title='bbox 440 2257 573 2340; x_wconf 88' lang='grc' dir='ltr'>παράγων</span> <span class='ocrx_word' id='word_1_191' title='bbox 592 2259 657 2326; x_wconf 84' lang='grc' dir='ltr'>τοὺς</span> <span class='ocrx_word' id='word_1_192' title='bbox 677 2260 792 2336; x_wconf 92' lang='grc' dir='ltr'>Πέρσας</span> <span class='ocrx_word' id='word_1_193' title='bbox 817 2257 887 2316; x_wconf 78' lang='grc' dir='ltr'>κατά</span> <span class='ocrx_word' id='word_1_194' title='bbox 907 2257 972 2324; x_wconf 84' lang='grc' dir='ltr'>τοὺς</span> 
     </span>
     <span class='ocr_line' id='line_1_26' title="bbox 168 2344 971 2425; baseline 0.001 -21"><span class='ocrx_word' id='word_1_195' title='bbox 168 2347 410 2423; x_wconf 83' lang='grc' dir='ltr'>Λακεδαιμονίους.</span> <span class='ocrx_word' id='word_1_196' title='bbox 452 2346 488 2410; x_wconf 78' lang='grc' dir='ltr'>ὦς</span> <span class='ocrx_word' id='word_1_197' title='bbox 508 2347 538 2405; x_wconf 83' lang='grc' dir='ltr'>δὲ</span> <span class='ocrx_word' id='word_1_198' title='bbox 558 2347 642 2424; x_wconf 83' lang='grc' dir='ltr'>ἔμαθε</span> <span class='ocrx_word' id='word_1_199' title='bbox 662 2351 747 2406; x_wconf 82' lang='grc' dir='ltr'>τοῦτο</span> <span class='ocrx_word' id='word_1_200' title='bbox 765 2349 876 2405; x_wconf 84' lang='grc' dir='ltr'>τοιοῦτο</span> <span class='ocrx_word' id='word_1_201' title='bbox 895 2344 971 2425; x_wconf 89' lang='grc' dir='ltr'>γινό·</span> 
     </span>
     <span class='ocr_line' id='line_1_27' title="bbox 167 2431 971 2516; baseline 0 -24"><span class='ocrx_word' id='word_1_202' title='bbox 167 2460 250 2510; x_wconf 90' lang='grc' dir='ltr'>μενον</span> <span class='ocrx_word' id='word_1_203' title='bbox 268 2434 284 2494; x_wconf 84' lang='grc' dir='ltr'>ὁ</span> <span class='ocrx_word' id='word_1_204' title='bbox 304 2436 475 2510; x_wconf 84' lang='grc' dir='ltr'>Παυσανίης,</span> <span class='ocrx_word' id='word_1_205' title='bbox 494 2435 577 2516; x_wconf 85' lang='grc' dir='ltr'>γνοὺς</span> <span class='ocrx_word' id='word_1_206' title='bbox 598 2435 641 2494; x_wconf 83' lang='grc' dir='ltr'>ὅτι</span> <span class='ocrx_word' id='word_1_207' title='bbox 664 2433 696 2494; x_wconf 82' lang='grc' dir='ltr'>οὑ</span> <span class='ocrx_word' id='word_1_208' title='bbox 717 2433 856 2502; x_wconf 87' lang='grc' dir='ltr'>λανθάνει,</span> <span class='ocrx_word' id='word_1_209' title='bbox 878 2431 971 2492; x_wconf 84' lang='grc' dir='ltr'>ὀπίσω</span> 
     </span>
     <span class='ocr_line' id='line_1_28' title="bbox 166 2519 971 2602; baseline -0.001 -21"><span class='ocrx_word' id='word_1_210' title='bbox 166 2521 218 2602; x_wconf 82' lang='grc' dir='ltr'>ἦγε</span> <span class='ocrx_word' id='word_1_211' title='bbox 231 2522 295 2586; x_wconf 86' lang='grc' dir='ltr'>τοὺς</span> <span class='ocrx_word' id='word_1_212' title='bbox 306 2522 482 2600; x_wconf 72' lang='grc' dir='ltr'>Σπαρτιήτας</span> <span class='ocrx_word' id='word_1_213' title='bbox 496 2524 542 2582; x_wconf 85' lang='grc' dir='ltr'>ἐπὶ</span> <span class='ocrx_word' id='word_1_214' title='bbox 551 2523 584 2582; x_wconf 82' lang='grc' dir='ltr'>τό</span> <span class='ocrx_word' id='word_1_215' title='bbox 615 2523 687 2592; x_wconf 84' lang='grc' dir='ltr'>εξιόν</span> <span class='ocrx_word' id='word_1_216' title='bbox 698 2522 787 2598; x_wconf 87' lang='grc' dir='ltr'>κέρας·</span> <span class='ocrx_word' id='word_1_217' title='bbox 804 2520 839 2582; x_wconf 70' lang='grc' dir='ltr'>οἷς</span> <span class='ocrx_word' id='word_1_218' title='bbox 849 2519 872 2580; x_wconf 82' lang='grc' dir='ltr'>δ’</span> <span class='ocrx_word' id='word_1_219' title='bbox 883 2521 971 2584; x_wconf 83' lang='grc' dir='ltr'>αὕτως</span> 
     </span>
     <span class='ocr_line' id='line_1_29' title="bbox 168 2609 692 2687; baseline -0.004 -17"><span class='ocrx_word' id='word_1_220' title='bbox 168 2611 213 2670; x_wconf 88' lang='grc' dir='ltr'>καὶ</span> <span class='ocrx_word' id='word_1_221' title='bbox 226 2610 242 2671; x_wconf 83' lang='grc' dir='ltr'>ό</span> <span class='ocrx_word' id='word_1_222' title='bbox 256 2611 415 2687; x_wconf 86' lang='grc' dir='ltr'>Μαρδόνιος</span> <span class='ocrx_word' id='word_1_223' title='bbox 428 2611 473 2670; x_wconf 85' lang='grc' dir='ltr'>ἐπὶ</span> <span class='ocrx_word' id='word_1_224' title='bbox 485 2615 535 2670; x_wconf 86' lang='grc' dir='ltr'>τοῦ</span> <span class='ocrx_word' id='word_1_225' title='bbox 551 2609 692 2686; x_wconf 87' lang='grc' dir='ltr'>εὑωνὺμου.</span> 
     </span>
    </p>

    <p class='ocr_par' dir='ltr' id='par_1_4' title="bbox 120 2696 971 3387">
     <span class='ocr_line' id='line_1_30' title="bbox 120 2696 968 2776; baseline 0.001 -18"><span class='ocrx_word' id='word_1_226' title='bbox 120 2703 157 2758; x_wconf 69' lang='grc'>48</span> <span class='ocrx_word' id='word_1_227' title='bbox 202 2697 282 2758; x_wconf 74' lang='grc' dir='ltr'>Ἐπεὶ</span> <span class='ocrx_word' id='word_1_228' title='bbox 296 2701 325 2758; x_wconf 84' lang='grc' dir='ltr'>δὲ</span> <span class='ocrx_word' id='word_1_229' title='bbox 336 2699 513 2774; x_wconf 88' lang='grc' dir='ltr'>κατέστησαν</span> <span class='ocrx_word' id='word_1_230' title='bbox 528 2704 554 2760; x_wconf 87' lang='grc' dir='ltr'>ἐς</span> <span class='ocrx_word' id='word_1_231' title='bbox 567 2698 616 2760; x_wconf 82' lang='grc' dir='ltr'>τάς</span> <span class='ocrx_word' id='word_1_232' title='bbox 630 2697 748 2776; x_wconf 83' lang='grc' dir='ltr'>άρχαίας</span> <span class='ocrx_word' id='word_1_233' title='bbox 757 2696 842 2768; x_wconf 78' lang='grc' dir='ltr'>τάξις,</span> <span class='ocrx_word' id='word_1_234' title='bbox 851 2697 968 2775; x_wconf 79' lang='grc' dir='ltr'>πέμψας</span> 
     </span>
     <span class='ocr_line' id='line_1_31' title="bbox 167 2785 969 2864; baseline 0 -20"><span class='ocrx_word' id='word_1_235' title='bbox 167 2786 182 2844; x_wconf 85' lang='grc' dir='ltr'>ὁ</span> <span class='ocrx_word' id='word_1_236' title='bbox 196 2787 354 2863; x_wconf 88' lang='grc' dir='ltr'>Μαρδόνιος</span> <span class='ocrx_word' id='word_1_237' title='bbox 368 2786 473 2863; x_wconf 91' lang='grc' dir='ltr'>κήρυκα</span> <span class='ocrx_word' id='word_1_238' title='bbox 487 2791 514 2848; x_wconf 86' lang='grc' dir='ltr'>ἐς</span> <span class='ocrx_word' id='word_1_239' title='bbox 527 2786 591 2848; x_wconf 87' lang='grc' dir='ltr'>τοὺς</span> <span class='ocrx_word' id='word_1_240' title='bbox 611 2785 787 2861; x_wconf 79' lang='grc' dir='ltr'>Σπαρτιήτας</span> <span class='ocrx_word' id='word_1_241' title='bbox 801 2787 879 2864; x_wconf 82' lang='grc' dir='ltr'>ἔλεγε</span> <span class='ocrx_word' id='word_1_242' title='bbox 892 2786 969 2844; x_wconf 85' lang='grc' dir='ltr'>τάδε·</span> 
     </span>
     <span class='ocr_line' id='line_1_32' title="bbox 168 2872 971 2953; baseline 0 -21"><span class='ocrx_word' id='word_1_243' title='bbox 168 2874 214 2932; x_wconf 81' lang='grc' dir='ltr'>“ὦ</span> <span class='ocrx_word' id='word_1_244' title='bbox 235 2874 456 2950; x_wconf 83' lang='grc' dir='ltr'>Λακεδαιμόνιοι,</span> <span class='ocrx_word' id='word_1_245' title='bbox 480 2873 559 2950; x_wconf 86' lang='grc' dir='ltr'>ὑμεῖς</span> <span class='ocrx_word' id='word_1_246' title='bbox 582 2874 615 2948; x_wconf 78' lang='grc' dir='ltr'>δή</span> <span class='ocrx_word' id='word_1_247' title='bbox 639 2874 760 2953; x_wconf 84' lang='grc' dir='ltr'>λέγεσθε</span> <span class='ocrx_word' id='word_1_248' title='bbox 783 2873 852 2932; x_wconf 86' lang='grc' dir='ltr'>εἶναι</span> <span class='ocrx_word' id='word_1_249' title='bbox 873 2872 971 2947; x_wconf 84' lang='grc' dir='ltr'>ἅνδρες</span> 
     </span>
     <span class='ocr_line' id='line_1_33' title="bbox 165 2961 970 3040; baseline 0 -22"><span class='ocrx_word' id='word_1_250' title='bbox 165 2961 277 3037; x_wconf 79' lang='grc' dir='ltr'>ἄριστοι</span> <span class='ocrx_word' id='word_1_251' title='bbox 289 2961 343 3022; x_wconf 84' lang='grc' dir='ltr'>ὑπδ</span> <span class='ocrx_word' id='word_1_252' title='bbox 362 2966 417 3022; x_wconf 83' lang='grc' dir='ltr'>τῶν</span> <span class='ocrx_word' id='word_1_253' title='bbox 436 2962 502 3040; x_wconf 82' lang='grc' dir='ltr'>τῇδε</span> <span class='ocrx_word' id='word_1_254' title='bbox 519 2961 676 3038; x_wconf 71' lang='grc' dir='ltr'>ἀνθρώπων,</span> <span class='ocrx_word' id='word_1_255' title='bbox 692 2961 920 3040; x_wconf 85' lang='grc' dir='ltr'>ἐκπαγλεομένων</span> <span class='ocrx_word' id='word_1_256' title='bbox 935 2961 970 3024; x_wconf 81' lang='grc' dir='ltr'>ὦς</span> 
     </span>
     <span class='ocr_line' id='line_1_34' title="bbox 166 3046 968 3128; baseline 0 -23"><span class='ocrx_word' id='word_1_257' title='bbox 166 3046 228 3106; x_wconf 77' lang='grc' dir='ltr'>οὔτε</span> <span class='ocrx_word' id='word_1_258' title='bbox 245 3048 361 3128; x_wconf 85' lang='grc' dir='ltr'>φεόγετε</span> <span class='ocrx_word' id='word_1_259' title='bbox 380 3054 410 3106; x_wconf 86' lang='grc' dir='ltr'>ἐκ</span> <span class='ocrx_word' id='word_1_260' title='bbox 428 3049 555 3123; x_wconf 86' lang='grc' dir='ltr'>πολέμου</span> <span class='ocrx_word' id='word_1_261' title='bbox 574 3047 636 3106; x_wconf 82' lang='grc' dir='ltr'>οὑτε</span> <span class='ocrx_word' id='word_1_262' title='bbox 656 3047 735 3117; x_wconf 78' lang='grc' dir='ltr'>τάξιν</span> <span class='ocrx_word' id='word_1_263' title='bbox 756 3048 906 3118; x_wconf 84' lang='grc' dir='ltr'>ἐκλείπετε,</span> <span class='ocrx_word' id='word_1_264' title='bbox 920 3049 968 3124; x_wconf 89' lang='grc' dir='ltr'>μέ-</span> 
     </span>
     <span class='ocr_line' id='line_1_35' title="bbox 166 3134 970 3212; baseline 0.007 -22"><span class='ocrx_word' id='word_1_265' title='bbox 166 3135 258 3196; x_wconf 85' lang='grc' dir='ltr'>νοντές</span> <span class='ocrx_word' id='word_1_266' title='bbox 270 3134 331 3209; x_wconf 81' lang='grc' dir='ltr'>τεή</span> <span class='ocrx_word' id='word_1_267' title='bbox 350 3134 493 3193; x_wconf 86' lang='grc' dir='ltr'>α’πόλλυτε</span> <span class='ocrx_word' id='word_1_268' title='bbox 513 3135 577 3197; x_wconf 85' lang='grc' dir='ltr'>τοὺς</span> <span class='ocrx_word' id='word_1_269' title='bbox 598 3135 765 3212; x_wconf 81' lang='grc' dir='ltr'>ἐναντίουςῆ</span> <span class='ocrx_word' id='word_1_270' title='bbox 783 3135 861 3194; x_wconf 83' lang='grc' dir='ltr'>αὑτοὶ</span> <span class='ocrx_word' id='word_1_271' title='bbox 880 3135 970 3196; x_wconf 86' lang='grc' dir='ltr'>άπόλ·</span> 
     </span>
     <span class='ocr_line' id='line_1_36' title="bbox 166 3220 970 3305; baseline 0.012 -31"><span class='ocrx_word' id='word_1_272' title='bbox 166 3220 265 3278; x_wconf 90' lang='grc' dir='ltr'>λυσθε.</span> <span class='ocrx_word' id='word_1_273' title='bbox 305 3225 360 3279; x_wconf 81' lang='grc' dir='ltr'>τῶν</span> <span class='ocrx_word' id='word_1_274' title='bbox 382 3221 404 3278; x_wconf 84' lang='grc' dir='ltr'>δ’</span> <span class='ocrx_word' id='word_1_275' title='bbox 426 3220 468 3297; x_wconf 73' lang='grc' dir='ltr'>ἄρ’</span> <span class='ocrx_word' id='word_1_276' title='bbox 489 3221 524 3297; x_wconf 86' lang='grc' dir='ltr'>ἦν</span> <span class='ocrx_word' id='word_1_277' title='bbox 548 3221 626 3282; x_wconf 78' lang='grc' dir='ltr'>οὐδὲν</span> <span class='ocrx_word' id='word_1_278' title='bbox 650 3223 761 3298; x_wconf 86' lang='grc' dir='ltr'>άληθές·</span> <span class='ocrx_word' id='word_1_279' title='bbox 785 3226 850 3300; x_wconf 82' lang='grc' dir='ltr'>πρὶν</span> <span class='ocrx_word' id='word_1_280' title='bbox 871 3225 927 3305; x_wconf 82' lang='grc' dir='ltr'>γάρ</span> <span class='ocrx_word' id='word_1_281' title='bbox 950 3224 970 3302; x_wconf 79' lang='grc' dir='ltr'>ἢ</span> 
     </span>
     <span class='ocr_line' id='line_1_37' title="bbox 165 3305 970 3387; baseline 0.015 -27"><span class='ocrx_word' id='word_1_282' title='bbox 165 3305 302 3379; x_wconf 80' lang='grc' dir='ltr'>συμμίξαι</span> <span class='ocrx_word' id='word_1_283' title='bbox 320 3306 407 3382; x_wconf 79' lang='grc' dir='ltr'>ἡμέας</span> <span class='ocrx_word' id='word_1_284' title='bbox 425 3312 452 3370; x_wconf 88' lang='grc' dir='ltr'>ἐς</span> <span class='ocrx_word' id='word_1_285' title='bbox 470 3313 570 3386; x_wconf 81' lang='grc' dir='ltr'>χειρῶν</span> <span class='ocrx_word' id='word_1_286' title='bbox 587 3335 618 3368; x_wconf 91' lang='grc' dir='ltr'>τε</span> <span class='ocrx_word' id='word_1_287' title='bbox 637 3310 723 3387; x_wconf 92' lang='grc' dir='ltr'>νόμον</span> <span class='ocrx_word' id='word_1_288' title='bbox 741 3311 902 3384; x_wconf 75' lang='grc' dir='ltr'>ἀπικέσθαι,</span> <span class='ocrx_word' id='word_1_289' title='bbox 922 3314 970 3372; x_wconf 83' lang='grc' dir='ltr'>καὶ</span> 
     </span>
    </p>
   </div>
   <div class='ocr_carea' id='block_1_2' title="bbox 0 0 1130 3552">
    <p class='ocr_par' dir='ltr' id='par_1_5' title="bbox 0 0 1130 3552">
     <span class='ocr_line' id='line_1_38' title="bbox 0 0 1130 3552; baseline 0 2"><span class='ocrx_word' id='word_1_290' title='bbox 0 0 1130 3552; x_wconf 95' lang='lat' dir='ltr'> </span> 
     </span>
    </p>
   </div>
  </div>
 </body>
</html>
