2258 3568
408 495 758 568 ἨΡΟΔΟΤΟΥ

349 631 606 706 ἸΣΤΟΡΙΩΝ
640 636 801 707 'EKTH.

530 799 630 827 -ι-

513 913 646 966 ΕΡΑΤΩ.

243 1018 520 1084 ἈΡΙΣΤΑΓΟΡΗΣ
534 1021 587 1097 μέν
597 1048 645 1081 νυν
654 1022 759 1097 Ἰωνίην
772 1020 948 1098 ἀποστήσας,
960 1021 1005 1082 οὖ-

203 1135 242 1170 τω
260 1113 386 1189 τελευτᾷ.
427 1107 560 1172 Ἱστιαῖος
578 1109 608 1167 δὲ
625 1109 641 1169 ὁ
658 1109 789 1185 Μιλήτου
806 1109 939 1188 τύραννος
956 1135 1004 1186 με-

203 1200 349 1276 μετιμένος
369 1197 423 1256 ὑπό
442 1198 562 1272 Δαρείου
581 1203 674 1274 παρῆν
693 1203 719 1261 ἒς
736 1197 842 1274 Σάρδις.
886 1196 1002 1278 όπιγμέ-

204 1311 252 1345 νον
271 1287 300 1345 δὲ
319 1285 403 1346 αὐτόν
421 1290 451 1344 ε’κ
470 1289 525 1344 τῶν
540 1285 655 1349 Σούσων
676 1287 763 1363 εἴρετο
776 1284 968 1363 Ἀρταφέρνης
987 1286 1003 1345 ὁ

205 1374 329 1450 Σαρδίων
342 1373 475 1451 ὕπαρχος,
491 1373 561 1432 κατό
576 1373 652 1433 κοῖόν
672 1401 700 1433 τι
720 1374 811 1432 δοκέοι
824 1372 922 1436 Ἴωνας
937 1373 998 1434 όπε·

206 1460 325 1530 στόναι;
347 1461 363 1522 ό
385 1461 414 1519 δὲ
437 1460 500 1520 οὔτε
523 1462 622 1521 εἰδέναι
643 1463 698 1538 ἔφη
717 1461 841 1538 έθόμαζέ
856 1488 888 1521 τε
907 1463 940 1522 τό
958 1488 1002 1544 γε·

203 1548 300 1628 γονὸς,
318 1549 353 1612 ὥς
375 1548 453 1608 οὐδὲν
475 1550 557 1625 δῆθεν
578 1555 633 1610 τῶν
654 1550 812 1628 παρεόντων
832 1551 1003 1632 πρηγμάτων

205 1636 399 1714 ε’πιστόμενος·
420 1637 480 1697 ὁδὶ
492 1637 683 1715 Ἀρταφέρνης
698 1638 783 1714 ὁρέων
803 1636 887 1697 αὐτόν
906 1639 1001 1716 τεχνό-

205 1725 295 1796 ζοντα,
318 1725 385 1796 εἶπε,
411 1725 486 1788 εἰδιδς
509 1725 560 1801 τὴν
587 1724 714 1803 ότρεκίην
740 1730 790 1801 τῆς
816 1725 1000 1790 ἀποστάσιος·

204 1824 222 1849 “
232 1813 301 1872 οὕτω
321 1841 373 1884 τοι,
387 1814 511 1883 Ἱστιαῖε,
526 1815 582 1892 ἔχει
603 1814 673 1873 κατὰ
692 1819 780 1873 ταῦτα
792 1813 828 1872 τό
841 1813 1000 1894 πρήγματα·

202 1906 286 1962 τοῦτο
307 1902 340 1962 τό
361 1902 492 1978 ὑπόδημα
514 1903 635 1979 ἔρραψας
655 1905 707 1978 μὲν
727 1901 772 1972 σύ,
792 1900 952 1976 ὖπεδήσατο
972 1902 1002 1962 δὲ

169 1989 430 2073 2Ἀρισταγόρης.”
477 1989 668 2067 Ἀρταφέρνης
696 1993 747 2066 μὲν
776 1994 864 2049 ταῦτα
896 1994 922 2052 ές
950 1991 1002 2066 τήν

204 2077 364 2140 ἀπόστασιν
385 2081 485 2158 ἔχοντα
504 2077 573 2136 εἶπε·
594 2078 725 2140 Ἱστιαῖος
738 2079 767 2137 δὲ
781 2078 874 2140 δείσας
888 2077 924 2140 οἷς
937 2105 1000 2138 συν-

205 2168 279 2227 ιέντα
301 2167 500 2242 Ἀρταφέρνεα,
525 2166 579 2225 ὑπό
607 2165 660 2242 τήν
686 2166 797 2242 πρώτην
825 2167 1002 2227 ἐπελθοῦσαν

203 2255 288 2314 νύκτα
309 2254 415 2331 όπέδρη
435 2254 480 2312 ε’πὶ
502 2253 661 2323 θάλασσαν,
676 2255 802 2330 βασιλέα
823 2257 942 2331 Δαρεῖον
960 2258 1002 2326 ἐξ·

203 2340 359 2418 ητατηκός·
381 2340 412 2404 ὃς
425 2341 523 2418 Σαρδιδ
542 2347 630 2417 νῆσον
647 2343 699 2418 την
716 2346 853 2422 μεγίστην
869 2341 1003 2413 θποδεξό-

202 2455 285 2506 μενος
301 2429 538 2510 κατεργάσασθαι,
553 2429 668 2490 ὖτέδυνε
688 2435 742 2490 τῶν
754 2429 852 2490 Ἰόνων
871 2431 923 2506 τὴν
938 2431 1003 2513 ἦγε-

202 2518 301 2594 μονίην
322 2521 371 2576 τοῦ
393 2517 463 2594 πρδς
485 2523 605 2594 Δαρεῖον
626 2520 762 2597 πολέμου.
804 2518 905 2594 διαβὰς
926 2519 955 2577 δὲ
977 2526 1004 2583 ἐς

203 2605 274 2666 Χίον
301 2605 380 2681 ἐδέθη
400 2605 454 2666 ι’πὸ
480 2606 564 2677 Χίων,
592 2608 796 2687 καταγνωσθεὶς
818 2605 888 2682 πρὸς
915 2606 1006 2668 ου’τῶν

203 2693 321 2771 νεώτερα
333 2693 475 2771 πρήσσειν
488 2693 641 2776 πρήγματα
655 2699 682 2756 ές
696 2695 811 2757 έωυτούς
829 2700 858 2753 ε’κ
873 2696 1005 2771 Δαρείου·

202 2781 339 2859 μαθόντες
352 2783 449 2859 μέντοι
463 2785 489 2840 οἶ
503 2786 570 2840 Χῖοι
582 2781 632 2841 τόν
645 2781 737 2841 πόντα
755 2781 850 2862 λόγον,
867 2781 902 2844 ὦς
920 2785 1005 2842 πολέ-

169 2874 187 2929 3
200 2897 264 2949 μιος
278 2871 320 2946 εἴη
333 2871 462 2946 βασιλέϊ,
477 2872 581 2937 ἔλυσαν
595 2869 688 2930 αὐτόν.
729 2869 868 2930 Ἐνθαῦτα
883 2871 917 2946 δὴ
931 2876 1006 2948 εἰρω-

203 2959 338 3034 τεόμενος
355 2957 409 3017 ιἰπό
428 2963 483 3018 τῶν
496 2957 594 3017 Ἰόνων
610 2957 779 3029 ὁἹστιαῖος,
795 2959 853 3017 κατ’
868 2959 883 3019 ὅ
896 2985 924 3019 τι
937 2985 1006 3036 προ-

207 3047 298 3123 θύμως
316 3046 387 3106 οὕτω
406 3047 552 3104 ἐπέστειλε
572 3050 610 3123 τῷ
622 3045 813 3126 Ἀρισταγόρῃ
828 3046 1007 3107 ἀπίστασθαι

203 3133 259 3193 α’πδ
277 3135 425 3209 βασιλέος,
441 3134 486 3190 καὶ
505 3133 590 3191 κακόν
609 3137 747 3193 τοσοῦτον
768 3136 810 3210 εἴη
818 3133 916 3197 Ἴωνας
933 3136 1007 3212 ἐξερ-

204 3221 363 3302 γασμένος;
390 3219 442 3294 τὴν
465 3223 517 3296 μὲν
539 3221 690 3300 γενομένην
716 3220 827 3280 αι’ττοῖσι
854 3222 945 3298 αἰτίην
973 3223 1008 3282 οὗ

203 3307 284 3384 μόλα
298 3307 432 3380 ἐξέφαινε,
446 3306 462 3365 ὁ
476 3307 505 3364 δὲ
519 3306 599 3384 ἔλεγέ
612 3313 675 3380 σφι,
691 3306 725 3368 ὦς
738 3309 877 3381 βασιλεύς
888 3313 1009 3386 Δαρεῖος
