2282 3550
170 150 219 200 τοι
467 168 469 172 -
491 149 674 197 Ἧνοιοτοτ
875 145 969 210 [vm.

170 231 223 305 μὲν
242 229 298 308 γὰρ
313 232 368 288 τῶν
390 228 505 286 Φωκέων
526 231 554 290 ἐς
573 226 609 286 τά
632 226 703 303 ἄκρα
723 229 773 284 τοῦ
795 229 972 304 Παρνησσοΰ

169 315 325 390 ἀνέβησαν·
360 317 421 376 ἐστι
443 316 472 374 δὲ
495 314 541 373 καὶ
559 315 693 390 ’ἐπιτηδέη
717 313 850 382 δέξασθαι
871 312 973 390 ὅμιλον

170 407 220 463 τοῦ
232 407 406 480 Παρνησσοῦ
417 403 435 480 ἡ
447 402 556 479 κορυφὴ
571 403 641 462 κατά
651 403 749 462 Νέωνα
762 402 847 460 πόλιν
861 403 973 478 κειμένη

171 490 214 552 ἐπ’
228 495 337 568 ἑωυτῆς·
359 493 478 569 Τιθορέα
492 491 597 567 οὔνομα
614 489 694 569 αὐτῇ·
716 495 742 552 ἐς
755 489 807 565 τήν
820 490 854 566 δὴ
868 489 974 566 ἀνηνεί·

172 605 265 649 καντο,
288 581 333 639 καὶ
355 579 434 640 αὐτοὶ
456 578 610 654 ἀνέβησαν·
646 582 673 637 οἱ
694 578 723 636 δέ
745 581 862 640 πλεῦνες
883 578 974 638 αὐτῶν

173 673 200 732 ἐς
215 669 279 732 τούς
296 667 415 740 Ὀζόλας
432 667 557 744 Λοκρούς
579 667 783 742 ἐξεκομίσαντο,
802 671 830 729 ἐς
845 665 974 743 Ἀμφισ-

173 783 229 816 σαν
238 757 331 826 πόλιν,
341 757 393 834 την
401 756 469 834 ὑπὲρ
483 761 533 815 τοῦ
544 757 684 832 Κρισαίου
694 755 789 814 πεδίου
804 757 973 831 οἰκεομένην,

173 848 201 904 οἶ
224 846 253 905 δὲ
274 845 421 923 βάρβαροι
441 845 492 921 την
513 843 607 923 χώρην
628 847 725 902 πᾶσαν
739 843 903 919 ,ἐπέδραμον
922 843 975 918 τήν

173 935 291 994 Φωκίδα·
323 933 470 993 Θεσσαλοὶ
493 931 549 1013 γάρ
574 931 643 991 οὕτω
669 930 739 1012 ἦγον
765 931 815 990 τόν
841 931 973 1008 στρατόν·

175 1023 265 1082 ὁκόσα
279 1023 307 1082 δὲ
321 1023 451 1101 ἐπέσχον,
465 1020 556 1080 πάντα
570 1021 728 1100 ἐπέφλεγον
742 1020 788 1078 καὶ
802 1020 913 1096 ἐκειρον,
928 1021 975 1077 καὶ

126 1113 164 1169 33
175 1116 202 1173 ἐς
219 1111 268 1174 τάς
285 1111 367 1174 πόλις
388 1111 500 1172 ἐνιέντες
515 1113 571 1185 πῦρ
591 1109 636 1166 καὶ
656 1113 682 1171 ἐς
699 1107 735 1167 τά
755 1107 810 1185 ἶρά.
853 1107 976 1184 Πορευό-

173 1224 253 1274 μενοι
278 1198 333 1280 γάρ
359 1198 445 1277 ταύτῃ
472 1197 549 1274 παρά
578 1196 627 1256 τόν
655 1195 812 1272 Κηφισσὸν
839 1195 975 1271 ποταμόν,

176 1287 282 1363 ἐδηίουν
296 1287 394 1356 πάντα,
410 1287 455 1344 καὶ
469 1285 539 1344 κατὰ
554 1287 606 1362 μὲν
622 1287 741 1344 ἔκαυσαν
755 1283 869 1360 Δρόμον
882 1285 976 1354 πόλιν,

177 1375 247 1435 κατά
266 1375 295 1434 δέ
314 1375 470 1452 Χαράδρην,
486 1375 531 1432 καὶ
542 1373 678 1452 Ἔρωχον,
694 1373 740 1431 καὶ
755 1371 915 1448 Τεθρώνιον,
931 1372 978 1430 καὶ

172 1465 354 1539 Ἀμφίκαιαν,
377 1464 423 1520 καὶ
443 1463 548 1530 Νέωνα,
573 1462 619 1520 καὶ
639 1461 763 1529 Πεδιέας,
786 1461 833 1518 καὶ
854 1460 977 1537 Τριτέας,

177 1551 223 1610 καὶ
242 1551 397 1620 Ἐλάτειαν,
416 1551 461 1608 καὶ
481 1549 647 1626 Ὑάμπολιν,
665 1551 710 1607 καὶ
732 1549 976 1626 Παραποταμίους,

177 1640 224 1698 καὶ
245 1639 348 1715 Ἀβας·
385 1639 449 1698 ἔνθα
475 1637 510 1714 ἦν
538 1637 597 1715 ἱρόν
623 1637 803 1712 Ἀπόλλωνος
830 1636 978 1708 πλούσιον,

177 1728 349 1806 θησαυροῖσί
358 1753 390 1787 τε
404 1728 450 1786 καὶ
463 1725 625 1802 ἀναθήμασι
640 1730 777 1785 πολλοῖσι
792 1749 978 1784 κατεσκευασ-

176 1817 269 1893 μένον·
300 1814 335 1892 ἧν
358 1815 388 1874 δὲ
412 1817 458 1874 καὶ
480 1814 544 1874 τότε
569 1815 614 1873 καὶ
638 1819 686 1874 νῦν
714 1815 783 1884 ἐστὶ,
800 1812 981 1892 ’χρηστήριον

178 1905 283 1964 αὐτόθι·
314 1905 359 1962 καὶ
379 1907 461 1962 τοῦτο
482 1903 514 1962 τό
536 1903 595 1979 ἱρόν
616 1902 792 1977 συλήσαντες
813 1902 980 1978 ἐνέπρησαν·

178 1995 227 2052 καί
247 2018 322 2055 τινας
343 1991 485 2054 διώκοντες
506 1990 582 2049 εἶλον
602 1994 658 2049 τῶν
679 1992 793 2049 Φωκέων
814 1989 884 2065 πρός
903 1993 982 2048 τοῖσι

179 2079 283 2158 οὔρεσι·
321 2081 367 2138 καὶ
386 2079 517 2160 γυναῖκάς
536 2104 612 2141 τινας
633 2078 792 2154 διέφθειραν
811 2076 983 2158 μισγόμενοι

178 2167 233 2228 ὖπό
248 2169 380 2244 πλήθεος.

132 2260 170 2316 34
221 2256 457 2332 Παραποταμίους
475 2255 505 2314 δὲ
521 2253 763 2332 παραμειβόμενοι
781 2257 808 2312 οἱ
826 2254 984 2331 βάρβαροι,

179 2343 311 2403 ἀπίκοντο
325 2349 352 2406 ἐς
362 2347 521 2406 Πανοπέας·
543 2344 667 2402 ἐνθεῦτεν
678 2342 712 2418 δη
723 2341 776 2418 ἤδη
790 2342 985 2418 διακρινομένη

179 2433 198 2508 ἦ
221 2431 339 2509 στρατιὴ
361 2431 451 2489 αὐτῶν
472 2432 607 2510 ἐσχίζετο.
650 2430 682 2490 τό
703 2433 754 2506 μὲν
774 2434 912 2489 πλεῖστον
937 2433 985 2490 καὶ

180 2520 368 2580 δυνατώτατον
382 2516 434 2576 τοῦ
451 2524 582 2596 στρατοῦ,
599 2519 657 2594 ἅμα
674 2517 747 2596 αὐτῷ
759 2519 850 2596 Ξέρξη
869 2517 985 2594 πορευό-

180 2633 264 2686 μενον
291 2603 332 2667 ἐπ’
356 2607 484 2683 Ἀθήνας,
514 2609 636 2682 ἐσέβαλε
661 2611 687 2669 ἐς
715 2606 853 2668 Βοιωτούς
878 2610 905 2667 ἐς
928 2610 985 2686 γῆν

180 2697 376 2776 Ὀρχομενίων.
419 2699 547 2754 Βοιωτῶν
565 2695 594 2752 δὲ
613 2697 669 2753 πᾶν
684 2694 716 2753 τό
736 2695 847 2768 πλῆθος
863 2692 961 2768 ἐμήδιζ
979 2720 985 2733 ·

180 2788 230 2849 τός
243 2786 272 2844 δὲ
285 2785 368 2846 πόλις
385 2783 473 2844 αὐτῶν
492 2782 587 2858 ἀνδρες
600 2781 759 2844 Μακεδόνες
776 2781 987 2860 διατεταγμένοι

182 2875 292 2944 ἔσωζον,
320 2872 374 2931 ὑπό
395 2871 579 2946 Ἀλεξάνδρου
606 2868 846 2946 ἀποπεμφθέντες·
882 2869 987 2938 ἔσωζον

182 2963 219 3032 δέ,
243 2962 308 3039 τῇδε
330 2959 501 3036 βουλόμενοι
522 2958 609 3033 δῆλον
632 2958 736 3016 ποιέειν
763 2957 852 3035 Ξέρξη
880 2955 923 3016 ὅτι
948 2956 986 3017 τά

181 3049 286 3124 Μήδων
303 3048 420 3106 Βοιωτοὶ
439 3046 592 3122 φρονέοιεν.
635 3041 713 3104 οὗτοι
729 3047 780 3122 μὲν
795 3044 828 3119 δὴ
845 3049 900 3104 τῶν
912 3045 987 3120 βαρ-

135 3137 277 3212 35βάρων
304 3134 391 3212 ταύτῃ
419 3133 579 3211 ἐτράποντο.
616 3132 722 3192 Ἀλλοι
747 3133 777 3190 δέ
798 3131 895 3202 αὐτῶν,
919 3131 987 3212 ἦγε-

182 3223 268 3298 μόνας
286 3225 403 3300 ἔχοντες,
418 3221 537 3297 ὁρμέατο
556 3221 601 3278 ἐπὶ
616 3220 650 3278 τό
667 3219 726 3296 ἶρόν
743 3219 776 3278 τό
795 3225 823 3279 ἐν
838 3223 988 3295 Δελφοῖσι

182 3313 211 3368 ἐν
237 3309 312 3386 δεξιῇ
334 3307 392 3366 τόν
405 3307 577 3382 Παρνησσὸν
598 3306 774 3387 ἀπέργοντες·
809 3307 875 3380 ὅσαΙ
888 3307 918 3366 δέ
939 3311 989 3368 καὶ
