2250 3552
166 135 214 186 ιιι
471 130 654 180 ἰιτοιοτοτ
902 130 967 195 [m.

127 217 182 272 112
192 211 366 275 ἀπάλεσας.”
406 209 455 270 Ἐν
469 210 498 268 δέ
511 209 597 287 τούτῳ
615 213 653 287 τῷ
666 209 710 267 διὰ
723 212 813 285 μέσου
831 207 922 289 χρόνῳ
941 215 970 270 ἐν

171 305 210 380 τῷ
235 301 340 377 Ξέρξης
366 303 405 377 τῷ
431 297 559 376 ἀδελφεῷ
591 297 739 376 διελέγετο,
771 297 790 373 ἡ
811 297 972 375 Ἄμηστρις

171 389 410 466 μεταπεμψαμένη
424 387 487 450 τούς
501 385 673 462 δορυφόρους
685 389 735 444 τοῦ
748 386 863 462 Ξέρξεω,
879 386 972 446 διαλυ-

171 477 298 553 μαίνεται
310 475 362 551 τνὶν
375 479 491 555 γυναῖκα
504 474 556 549 τήν
567 475 731 533 Μασίστεω·
749 474 813 538 τούς
825 500 857 534 τε
869 476 974 551 μαζούς

174 563 359 640 ἀποταμοῦσα
378 564 443 623 κυσὶ
460 562 614 639 προέβαλε,
632 564 677 620 καὶ
697 566 768 640 ῥῖνα,
783 563 829 621 καὶ
848 562 912 631 ὦτα,
926 564 973 622 καὶ

174 654 279 731 χείλεα·
301 653 347 710 καὶ
364 655 502 731 γλῶσσαν
521 654 688 726 ἐκταμοῦσα,
705 655 732 713 ἐς
748 650 825 710 οἶκόν
837 677 886 726 μιν
904 651 973 710 ἀπο-

128 744 184 800 113
194 742 298 818 πέμπει
314 739 583 815 διαλελυμασμένην.
625 738 659 796 Ὁ
677 739 706 797 δὲ
723 739 876 815 Μασίστης
895 739 974 799 οὐδέν

175 855 212 888 κω
226 829 349 905 ἀκηκοιδς
362 826 472 900 τούτων,
488 827 642 903 ἐλπόμενος
655 827 687 885 δέ
703 827 733 885 τί
748 831 774 886 οἱ
792 826 876 887 κακόν
894 827 972 898 εἶναι,

177 919 306 976 ἐσπίπτει
326 916 418 994 δρόμκρ
440 919 467 978 ἐς
483 913 519 973 τά
536 914 618 972 οἰκία·
641 914 703 974 ἐδιδν
720 914 749 974 δέ
770 915 974 993 διεφθαρμένην

174 1007 225 1081 τὴν
242 1008 365 1085 γυναῖκα,
381 1003 479 1074 αὐτίκα
494 1002 565 1080 μετά
581 1007 669 1062 ταῦτα
688 1004 973 1081 συμβουλευσάμενος

174 1097 251 1153 τοῖσι
277 1093 367 1163 παισὶ,
395 1091 541 1168 ἐπορεύετο
569 1096 595 1154 ἐς
623 1089 737 1168 Βάκτρα
763 1091 816 1151 σύν
841 1118 872 1152 τε
898 1097 975 1152 τοῖσι

176 1186 275 1242 ἑωυτοῦ
288 1185 374 1241 υἱοῖσι
388 1181 433 1240 καὶ
450 1180 484 1256 δή
502 1179 552 1240 κού
569 1205 629 1239 τισι
647 1179 693 1238 καὶ
709 1178 834 1250 άλλοισι,
854 1180 890 1244 ἀς
907 1180 975 1240 ἀπο-

178 1270 292 1346 στήσων
315 1269 402 1347 νομόν
422 1269 473 1330 τόν
494 1267 640 1348 Βάκτριον,
666 1268 712 1327 καὶ
731 1268 861 1344 ποιήσων
875 1269 911 1328 τά
928 1271 976 1346 μέ-

174 1385 261 1439 γιστα
288 1362 378 1418 κακῶν
403 1357 540 1434 βασιλέα·
567 1356 655 1433 τάπερ
676 1354 710 1416 ἀν
730 1357 776 1415 καὶ
803 1357 920 1437 ἐγένετο,
942 1357 976 1420 οἷς

179 1448 240 1523 ἐμοὶ
253 1448 365 1518 δοκέειν,
385 1449 461 1524 εἴπερ
478 1447 551 1522 ἔφθη
571 1445 680 1521 ἀναβάς
699 1451 726 1508 ἐς
743 1446 808 1508 τούς
824 1447 977 1523 Βακτρίους

176 1536 221 1593 καὶ
241 1535 306 1597 τούς
327 1534 428 1599 Σάκας·
451 1535 496 1593 καὶ
516 1534 571 1614 γάρ
593 1533 725 1614 ἔστεργόν
744 1534 777 1593 τέ
796 1560 853 1611 μιν,
876 1535 922 1592 καὶ
942 1534 977 1610 ἦν

176 1623 301 1702 ὕπαρχος
313 1627 368 1682 τῶν
378 1623 530 1698 Βακτρίων·
545 1622 623 1680 ἀλλά
635 1621 690 1703 γάρ
705 1622 810 1698 Ξέρξης
822 1621 978 1698 πυθόμενος

163 1715 263 1776 ,ταῦτα
284 1715 386 1772 ἐκεῖνον
405 1710 581 1787 πρήσσοντα,
597 1711 709 1788 πέμψας
728 1708 770 1768 ἐπ’
790 1709 874 1770 αύτδν
892 1735 978 1786 στρα-

177 1799 247 1876 τιήν,
262 1804 291 1860 ἐν
303 1803 339 1879 τῇ
352 1798 406 1879 ὁδῷ
424 1799 578 1858 κατέκτεινε
593 1797 676 1857 αύτόν
689 1823 720 1857 τε
734 1801 837 1858 ἐκεῖνον
855 1797 901 1856 καὶ
914 1797 978 1860 τούς

178 1889 278 1952 παῖδας
298 1887 383 1948 αὐτοῦ
401 1888 447 1946 καὶ
464 1886 516 1963 τήν
535 1886 672 1963 στρατιήν
686 1884 738 1961 τήν
754 1887 866 1946 ἐκείνου.
908 1885 979 1946 κατά

177 1979 229 2053 μὲν
241 1977 291 2037 τάν
305 1977 391 2053 ἔρωτα
406 1974 456 2035 τάν
474 1975 582 2051 Ξέρξεω
601 1975 647 2033 καὶ
663 1973 713 2034 τόν
726 1974 883 2032 Μασίστεω
897 1973 979 2034 θάνα-

177 2092 227 2124 τον
239 2069 364 2125 τοσαῦτα
378 2065 495 2145 ἐγένετο.

133 2155 191 2212 114
233 2156 270 2212 Οἱ
284 2153 313 2211 δὲ
327 2157 356 2211 ἐκ
371 2152 509 2227 Μυκάλης
527 2151 696 2229 ὁρμηθέντες
706 2150 847 2226 Ἕλληνες
860 2149 902 2209 ἐπ’
914 2149 979 2208 Ἑλ-

179 2240 342 2316 λησπόντου
362 2244 471 2316 πρῶτον
492 2242 543 2316 μὲν
566 2239 631 2315 περὶ
657 2239 764 2298 Λεκτόν
790 2238 900 2316 ὅρμεον,
923 2237 980 2298 ύπά

180 2327 287 2404 ἀνέμων
314 2327 557 2403 ἀπολαμφθέντες·
589 2328 714 2388 ἐνθεῦτεν
741 2328 770 2386 δὲ
794 2326 927 2386 ἀπίκοντο
954 2331 982 2389 ἐς

175 2414 311 2492 Ἄβυδον,
332 2415 378 2474 καὶ
396 2415 445 2478 τοὶς
466 2416 591 2495 γεφύρας
612 2413 691 2492 εὗρον
713 2415 912 2490 διαλελυμένας
931 2414 982 2477 τάς

181 2502 290 2564 ἐδόκεον
312 2501 440 2580 εύρήσειν
463 2505 502 2562 ἐτι
524 2504 711 2580 ἐντεταμένας·
744 2505 788 2562 καὶ
808 2502 912 2562 τούτων
932 2501 982 2562 ούκ

180 2591 283 2669 ήκιστα
298 2593 397 2652 εἵνεκεν
411 2596 439 2654 ἐς
451 2591 501 2651 τάν
510 2591 727 2668 Ἑλλήσποντον
737 2591 878 2651 ἀπίκοντο.
905 2594 982 2651 τοῖσι

181 2681 233 2758 μέν
254 2707 301 2741 νυν
325 2680 400 2757 ἀμφὶ
424 2680 594 2758 Λευτυχίδεα
619 2681 879 2757 Πελοποννησίοισι
907 2678 983 2749 ἔδοξε

182 2768 335 2829 ἀποπλέειν
351 2775 378 2832 ἐς
394 2768 446 2844 τήν
458 2768 595 2826 Ἑλλάδα·
616 2767 791 2845 Ἀθηναίοισι
810 2768 899 2827 δὲκαὶ
913 2770 982 2830 Ξαν-

183 2857 276 2935 θίππῳ
294 2862 332 2936 τῷ
349 2861 498 2937 στρατηγῷ
516 2855 601 2915 αὐτοῦ
619 2857 819 2932 ύπομείναντας
831 2857 984 2933 πειρᾶσθαι

184 2947 235 3019 τῆς
248 2944 443 3020 Χερσονήσου.
479 2946 566 3020 οἱμὲν
577 2945 610 3019 δή
624 2944 776 3005 ἀπέπλεον·
789 2945 935 3020 Ἀθηναῖοι
945 2944 984 3013 δὲ,

184 3035 214 3087 ἐκ
221 3034 272 3104 τῆς
280 3029 404 3106 Ἀβύδου
414 3031 561 3106 διαβάντες
572 3036 599 3092 ἐς
608 3031 660 3106 τὴν
670 3031 863 3109 Χερσόνησον,
872 3031 986 3107 Σηστόν

138 3117 194 3172 115
204 3117 392 3193 ἐπολιόρκεον.
426 3117 474 3180 Ἐς
488 3119 517 3176 δέ
529 3117 581 3192 τήν
596 3120 707 3194 Σηστόν
720 3120 830 3196 ταύτην,
844 3120 879 3183 ὥς
893 3120 986 3183 ἐόντος

185 3202 370 3277 ἰσχυροτάτου
377 3204 484 3282 τείχεος
491 3209 546 3264 τῶν
553 3206 649 3284 ταύιη,
659 3209 809 3282 συνῆλθον,
816 3207 853 3271 (ἀς
860 3207 987 3284 ἤκουσαν

185 3291 312 3360 παρεῖναι
330 3289 548 3366 τούςἘλληνας
567 3297 594 3354 ἐς
609 3293 659 3352 τόν
671 3294 897 3368 Ἑλλήσποντον,
913 3297 943 3356 ἐκ
957 3322 988 3356 τε
