2276 3554
579 19 631 84 δέ.

186 137 218 184 οι
495 141 677 190 Ἧυοιουοτ
927 141 989 204 [τι.

188 214 313 292 σαμένου
336 217 510 296 Λευτυχίδεω
534 220 685 296 Πέρκαλον
708 221 760 296 τήν
786 219 913 282 Χίλωνος
939 226 991 280 τοῦ

185 305 372 380 Δημαρμένου
390 304 536 386 θυγατέρα,
551 307 567 366 ὁ
586 307 755 384 Δημάρητος
773 306 990 382 ἐπιβουλεύσας,

184 389 337 470 ἀποστερεῖ
350 394 520 472 Λευτυχιδεα
533 399 583 454 τοῦ
596 395 697 476 γάμου,
712 393 828 471 φθάσας
841 393 924 458 αύτός
936 396 991 472 τήν

186 481 335 556 Πέρκαλον
353 481 483 557 ἁρπάσας
496 485 542 542 καὶ
556 483 634 562 σχών
647 487 774 564 γυναῖκα.
816 482 887 542 κατά
902 487 989 544 τοῦτο

184 569 236 644 μὲν
249 573 287 647 τῷ
301 571 456 648 Λευτυχίδῃ
470 571 487 645 ἡ
503 572 620 650 ἐχθρηή
636 578 663 635 ἐς
679 571 729 631 τόν
743 570 913 648 Δημάρητον
929 576 987 652 ἐγε-

182 655 271 736 γόνεε·
292 657 356 717 τότε
373 657 402 716 δὲ
417 661 447 716 ἐκ
460 663 510 734 τῆς
525 661 698 736 Κλεομένεος
709 661 868 737 προθυμίης
888 658 988 720 όΛευ-

182 745 296 823 τυχίδης
326 745 493 823 κατόμνυται
521 747 699 824 Δημαρήτου,
728 747 785 823 φᾶς
819 745 905 806 αύτόν
936 747 988 807 ούκ

183 834 344 909 ἱκνεομένως
357 835 522 910 βασιλεύειν
534 837 728 912 Σπαρτιητέων
742 835 790 894 ούκ
805 834 885 894 ἐόντα
899 837 987 896 παῖδα

182 917 359 995 Ἀρίστωνος·
380 921 451 998 μετά
466 923 496 982 δὲ
509 922 561 998 τήν
576 925 753 1000 κατωμοσίην
767 923 859 982 ἐδίωκε
877 915 986 982 οἷνασιό·

184 1007 236 1078 ζων
258 1012 345 1068 ἐκεῖνο
366 1009 399 1069 τό
422 1011 486 1073 ἔπος
506 1011 539 1070 τό
562 1011 622 1070 εἶπε
640 1010 777 1088 Ἀρίστων
799 1009 871 1080 τότε,
891 1011 938 1070 ὅτε
959 1017 986 1072 οἱ

186 1095 329 1178 ἐξήγγειλε
343 1097 359 1157 ὁ
372 1099 479 1174 οἰκέτης
494 1099 580 1158 παῖδα
600 1100 751 1179 γεγονέναι,
766 1099 781 1158 ό
801 1098 830 1157 δὲ
851 1101 985 1176 συμβαλ-

182 1183 315 1261 λεόμενος
328 1185 392 1249 τούς
404 1190 493 1262 μῆνας
504 1186 647 1263 ἀπώμοσε,
660 1186 716 1262 φάς
727 1185 776 1246 ούκ
791 1189 891 1246 ἐωυτοῦ
906 1187 984 1247 εἶναι·

181 1273 282 1332 τούτου
306 1274 339 1350 δή
362 1274 533 1350 ἐπιβατεύων
555 1279 604 1334 τοῦ
625 1274 748 1352 ῥήματος
769 1274 786 1336 ό
804 1275 984 1353 Λευτυχίδης,

182 1361 319 1436 α’πέφαινε
339 1361 389 1421 τόν
404 1363 573 1440 Δημάρητον
594 1363 657 1423 οὔτε
676 1363 706 1433 ἐξ
718 1362 887 1440 Ἀρίστωνος
903 1389 984 1444 γεγο-

182 1448 257 1521 νότα,
281 1448 344 1509 οὔτε
366 1451 526 1526 ἱκνευμένως
546 1451 739 1527 βασιλεύοντα
758 1451 897 1528 Σπάρτης,
919 1451 984 1515 τούς

182 1535 301 1614 ἐφόρους
314 1537 455 1615 μάρτυρας
472 1540 662 1619 παρεχόμενος
683 1540 787 1602 κείνους
800 1538 827 1598 οἳ
839 1539 903 1598 τότε
926 1541 983 1600 ἐτυ-

181 1651 234 1703 χον
251 1624 386 1702 πάρεδροί
401 1652 432 1685 τε
449 1626 539 1690 ἐόντες
555 1629 601 1687 καὶ
619 1626 789 1690 άκούσαντες
802 1630 891 1687 ταῦτα
908 1626 982 1704 Ἀρί-

134 1715 171 1771 66
182 1739 296 1776 στωνος.
329 1713 418 1776 Τέλος
431 1714 469 1785 δέ,
481 1715 580 1776 ἐόντων
593 1717 656 1793 περὶ
670 1715 760 1776 αὐτῶν
774 1716 891 1776 νεικέων·
907 1715 983 1785 ἔδοξε

182 1802 376 1880 Σπαρτιήτῃσι
394 1803 553 1880 ε’πείρεσθαι
568 1804 601 1864 τό
615 1804 788 1883 χρηστήριον
808 1803 840 1862 τό
862 1808 891 1862 ἐν
910 1809 981 1862 Δελ-

181 1893 264 1966 φοῖσι
279 1894 302 1949 εἰ
315 1891 483 1967 Ἀρίστωνος
497 1892 538 1967 εἴη
552 1897 617 1955 παῖς
631 1892 646 1952 ό
661 1890 841 1969 Δημάρητος;
857 1889 982 1969 άνῴστου

181 1979 211 2037 δὲ
230 1979 380 2060 γενομένου
405 1984 435 2037 ἐκ
457 1980 589 2057 προνοίης
610 1985 661 2056 τῆς
686 1978 861 2056 Κλεομένεος
883 1983 909 2041 ἐς
930 1978 982 2054 τήν

181 2068 299 2142 Πυθίην,
318 2069 436 2126 ἐνθαῦτα
454 2069 654 2144 προσποιέεται
673 2068 836 2144 Κλεομένης
858 2066 982 2142 Κόβωνα

181 2154 231 2214 τόν
241 2154 474 2231 Ἀριστοφάντου,
483 2154 569 2233 ἄνδρα
581 2161 609 2215 ἐν
620 2159 764 2230 Δελφοῖσι
777 2154 982 2214 δυναστεύοντα

179 2243 324 2322 μέγιστον·
346 2241 361 2300 ό
384 2242 412 2300 δὲ
436 2242 542 2318 Κόβων
567 2245 733 2320 Περίαλλαν
754 2242 806 2318 τήν
827 2241 982 2318 πρόμαντιν

180 2330 322 2390 α’ναπείθει
339 2329 374 2388 τά
391 2332 553 2408 Κλεομένης
573 2332 709 2408 ἐβούλετο
728 2331 864 2412 λέγεσθαι
877 2331 980 2411 λέγειν.

180 2417 252 2478 οὕτω
276 2418 309 2493 δή
333 2417 351 2493 ἡ
374 2419 476 2495 Πυθίη,
501 2420 708 2498 ἐπειρωτώντων
731 2423 786 2479 τῶν
809 2418 981 2495 θεοπρόπων,

180 2507 266 2583 ἔκρινε
274 2507 314 2582 μη
322 2505 489 2583 Ἀρίστωνος
498 2509 567 2568 εἶναι
576 2508 745 2585 Δημάρητον
756 2507 852 2566 παῖδα.
874 2507 982 2587 ύστέριρ

179 2595 274 2672 μέντοι
292 2595 383 2674 χρόνῳ
402 2595 551 2656 ἀνάπυστα
571 2599 680 2678 ἐγένετο
699 2600 795 2665 ταῦτα,
811 2596 856 2653 καὶ
875 2594 982 2670 Κόβων

178 2709 210 2743 τε
234 2685 319 2764 ἔφυγε
344 2688 374 2742 ἐκ
396 2688 519 2759 Δελφῶν
544 2689 589 2744 καὶ
610 2684 759 2760 Περίαλλα
783 2683 800 2759 ή
826 2681 981 2760 πρόμαντις

179 2771 307 2847 ἐπαύσθη
328 2775 378 2847 τῆς
398 2775 486 2847 τιμῆς.

133 2861 169 2922 67
213 2859 295 2920 Κατοὶ
322 2863 373 2935 μὲν
400 2860 433 2934 δή
462 2858 633 2935 Δημαρήτου
657 2858 708 2934 τὴν
733 2859 908 2919 κατάπαυσιν
930 2863 983 2934 τῆς

178 2948 334 3024 βασιληίης
353 2947 423 3007 οὕτω
442 2948 560 3026 ἐγένετο.
602 2947 702 3027 ἔφευγε
721 2948 751 3006 δὲ
768 2945 936 3023 Δημάρητος
951 2952 982 3006 ἐκ

179 3035 309 3110 Σπάρτης
329 3041 355 3098 ἐς
375 3035 489 3109 Μήδους
508 3039 537 3092 ἐκ
555 3035 663 3092 τοιοῦδε
685 3034 811 3098 ὀνείδεος·
839 3034 911 3110 μετά
930 3039 982 3109 τῆς

157 3145 162 3182 ,·
179 3122 335 3196 βασιληίης
352 3122 403 3195 τὴν
423 3121 596 3179 κατάπαυσιν
611 3121 626 3179 ό
641 3123 810 3198 Δημάρητος
823 3121 894 3200 ἦρχε
907 3125 981 3198 αἶρε-

181 3209 237 3270 θεὶς
257 3207 355 3285 ἀρχήν.
397 3207 471 3281 ἦσαν
488 3211 540 3282 μὲν
558 3207 592 3282 δή
607 3209 813 3287 γυμνοπαιδίαι·
843 3209 983 3284 θεωμένου

180 3294 209 3352 δὲ
222 3298 271 3352 τοῦ
287 3293 465 3370 Δημαρήτου,
480 3293 678 3373 όΛευτυχίδης
697 3296 818 3376 γεγονός
831 3294 884 3372 ἤδη
898 3295 983 3360 αὐτός
