2258 3568
154 145 264 210 σι-ω]
426 128 429 135 ’
513 129 626 200 nmo.
927 151 959 198 ιι

134 229 246 298 -τοΰτο,
272 225 288 285 ὅ
308 252 336 286 τι
357 226 391 302 δή
412 225 455 303 ἦν,
477 227 510 288 τό
536 230 627 290 εἵλετο
651 233 707 290 τῶν
730 229 880 308 κειμηλίων
902 231 958 290 τῶν

153 311 324 390 Ἀρίστωνος
344 314 372 396 [ό
385 314 529 398 Ἀγητος],
553 319 599 377 καὶ
617 318 700 381 αὐτός
719 317 772 394 τήν
793 318 892 396 ὁμοίην
912 319 958 392 ζη-

152 403 222 461 τέων
243 403 382 479 φέρεσθαι
398 403 463 480 παρ’
478 406 589 477 ἐκείνου,
604 407 723 466 ένθαῦτα
737 406 770 481 δή
785 411 834 466 τοῦ
849 407 958 484 ἑταίρου

152 489 206 566 τήν
218 495 336 572 γυναῖκα
351 497 479 569 ἐπειρᾶτο
500 492 670 575 ἀπάγεσθαι·
691 494 750 555 όδέ
763 495 840 570 πλήν
857 493 957 554 τοίπου

150 578 259 655 μούνου
272 579 307 638 τοὶ
321 579 398 639 ἄλλα
413 583 467 656 ἔφη
481 583 651 642 καταινέσαι·
673 582 894 664 ἀναγκαζόμενος
905 582 958 659 μέν

152 693 197 726 τοι
215 671 255 746 τῷ
274 693 304 727 τε
323 667 395 748 ὅρκῳ
415 669 527 745 καὶτῆς
544 669 651 747 α’πάτης
664 674 700 750 τῇ
713 674 868 752 παραγωγῇ
881 670 958 730 εἰπίει

152 754 326 836 ἀπάγεσθαι.
370 756 450 816 Οὕτω
473 760 525 835 μὲν
549 757 583 834 δή
605 758 656 834 τήν
679 759 775 835 τρίτην
800 757 956 839 ἐσηγάγσο
966 761 1004 818 63

151 847 273 923 γυναῖκα
291 843 307 903 ό
327 843 474 921 Ἀρίστων,
493 847 545 922 τήν
559 845 688 924 δευτέρην
709 845 955 924 ἀποπεμψάμενος·

153 933 183 989 έν
201 931 233 990 δέ
251 935 279 990 οἱ
296 931 388 1012 χρόνῳ
406 932 551 1002 ἐλάσσονι,
569 934 616 992 καὶ
637 932 669 992 οὗ
692 933 871 1010 πληρώσασα
890 930 957 996 τοιίς

152 1017 220 1078 δέκα
232 1024 323 1096 μῆνας
336 1020 355 1096 ἦ
368 1021 438 1102 γυνή
451 1021 530 1098 αὕτη,
540 1022 627 1080 τίκτει
640 1025 739 1081 τοῦτον
752 1021 785 1096 δή
799 1021 849 1080 τόν
859 1019 956 1096 Δημά-

151 1132 247 1182 ρητον·
271 1109 319 1167 καί
338 1135 380 1172 τις
401 1113 428 1169 οἰ
448 1113 503 1169 τῶν
522 1111 646 1169 οἰκετέων
665 1115 693 1168 έν
714 1109 792 1188 θώκῳ
812 1112 954 1187 κατημένῳ

152 1196 292 1270 μετὰτῶν
306 1197 415 1274 ἐφόρων
426 1197 591 1278 ἐξαγγέλλει
605 1197 640 1260 ὥς
654 1200 680 1256 οἱ
694 1201 759 1260 ταῖς
767 1198 875 1278 γέγονε·
897 1195 912 1256 ό
926 1196 956 1256 δὲ

153 1283 340 1360 ἐπιστάμενός
352 1311 383 1344 τε
395 1285 445 1345 τόν
457 1285 560 1364 χρόνον
575 1289 613 1364 τῷ
628 1284 750 1366 ἠγάγετο
768 1285 820 1361 τήν
837 1287 955 1365 γυναῖκα

153 1371 199 1429 καὶ
213 1373 258 1430 ἐπὶ
274 1372 416 1438 δακτύλων
433 1373 674 1451 συμβαλλόμενος
693 1373 758 1436 τούς
777 1377 874 1449 μῆνας,
895 1373 955 1432 εἶπε

152 1458 311 1537 α’πομόσας,
330 1472 347 1496 “
358 1461 408 1520 οὐκ
427 1460 461 1521 ἂν
482 1461 548 1539 ε’μὸς
561 1461 628 1538 εἶη.”
668 1466 752 1522 τοῦτο
765 1460 889 1537 ἤκουσαν
902 1463 954 1538 μὲν

152 1549 180 1606 οἱ
199 1549 307 1627 ἔφοροι·
322 1553 440 1630 πρῆγμα
452 1551 548 1627 μέντοι
562 1549 640 1610 οὐδὲν
654 1549 823 1625 ἐποιήσαντο
836 1549 870 1610 τό
883 1576 954 1627 παρ-

152 1637 260 1696 αυτίκα.
311 1636 327 1697 ό
349 1637 379 1696 δὲ
400 1643 466 1702 παῖς
486 1637 594 1714 ηὔξετο,
619 1639 665 1697 καὶ
691 1642 729 1718 τῷ
750 1639 898 1716 Ἀρίστωνι
918 1638 952 1698 τό

153 1727 297 1801 εἰρημένον
317 1727 462 1803 μετέμελε·
484 1727 571 1786 παῖδα
591 1726 647 1808 γάρ
667 1726 716 1786 τόν
735 1725 906 1803 Δημάρητον
927 1730 955 1788 ἔς

151 1811 188 1871 τά
199 1813 331 1888 μάλιστά
348 1817 374 1872 οἱ
393 1814 505 1892 ε’νόμισε
525 1815 601 1875 εἶναι
636 1815 815 1892 Δημάρητον
833 1815 863 1872 δὲ
881 1806 955 1890 αὐτῷ

152 1899 258 1977 οὕνομα
276 1903 353 1962 ἔθετο
375 1902 419 1961 διὰ
440 1903 513 1963 τόδε·
534 1903 670 1981 πρότερον
691 1902 795 1962 τούτων
816 1902 954 1977 πανδημεὶ

153 1989 328 2066 Σπαρτιῆται
337 1979 493 2068 ’λρίστωνη
504 1991 539 2054 οἷς
549 1990 628 2068 άνδρὶ
639 1990 824 2066 εὐδοκιμέοντι
832 1989 876 2048 διαὶ
886 1989 953 2048 πάν-

151 2103 206 2136 των
219 2077 252 2153 δή
267 2082 323 2138 τῶν
336 2079 481 2154 βασιλέων
494 2084 548 2138 τῶν
566 2085 595 2138 έν
610 2083 647 2158 τῇ
661 2079 777 2156 Σπάρτη
789 2081 952 2158 γενομένων,

151 2164 222 2241 α’ρήν
242 2167 413 2242 ε’ποιήσαντο
428 2169 515 2226 παῖδα
532 2169 673 2248 γενέσθαι·
695 2167 740 2225 διοί
760 2171 843 2228 τοῦτο
860 2167 911 2242 μέν
926 2169 952 2226 οἶ

150 2253 183 2312 τό
198 2255 305 2332 οὔνομα
320 2256 492 2333 Δημάρητος,
501 2257 590 2331 ἐτέθη.
632 2255 742 2332 Χρόνου
756 2255 785 2314 δὲ
797 2254 951 2333 προϊόντος,
963 2257 999 2316 64

150 2341 289 2419 ’Λρίστων
302 2346 354 2420 μὲν
367 2343 488 2404 α’πέθανε
498 2343 667 2421 Δημάρητος
681 2343 710 2402 δὲ
724 2345 791 2422 ἔσχε
801 2343 853 2419 τήν
866 2345 951 2420 βασι-

149 2432 243 2507 ληίην.
267 2433 323 2492 ἔδεε
341 2433 379 2504 δὲ,
397 2431 433 2495 ὦς
450 2434 529 2502 ἔοικε,
544 2431 691 2491 ἀνάπυστα
710 2431 845 2511 γενόμενα
863 2435 951 2491 ταῦτα

149 2525 331 2580 καταπαῦσαι
339 2521 509 2598 Δημάρητον
522 2525 572 2596 τῆς
584 2510 748 2596 βασιληίης,
757 2519 802 2579 διό
814 2520 849 2579 τοὶ
861 2525 951 2579 Κλεο·
965 2525 967 2530 ’

148 2609 227 2684 μένεϊ
245 2609 385 2686 διεβλήθη
403 2609 532 2690 μεγάλως
548 2608 684 2686 πρότερόν
702 2635 733 2668 τε
753 2609 769 2668 ό
784 2608 952 2685 Δημάρητος

148 2695 303 2779 α’παγαγών
324 2698 376 2774 τήν
394 2696 530 2774 στρατιήν
552 2697 583 2766 ἐξ
598 2695 769 2767 Ἐλευσῖνος,
784 2697 830 2754 καὶ
849 2695 882 2770 δή
905 2695 951 2753 καὶ

146 2784 213 2844 τότε
242 2786 283 2845 ἐπ’
312 2788 480 2865 Αἰγινητέων
510 2785 574 2848 τοδς
601 2785 772 2862 μηδίσαντας
799 2783 949 2859 διαβάντος

149 2876 334 2950 Κλεομένεος.
376 2874 527 2952 Ὀρμηθείς
545 2873 581 2933 ὧν
599 2873 799 2932 άποτίννυσθαι
820 2871 836 2929 ό
860 2876 948 2928 Κλεο-
959 2873 997 2928 65

146 2963 241 3038 μένης,
256 2964 416 3023 συντίθεται
427 2963 581 3042 Λευτυχίδῃ
595 2966 633 3040 τῷ
642 2959 785 3036 Μενάρεος
795 2963 845 3018 τοῦ
851 2958 957 3038 Ἀγιος,

147 3050 221 3109 ε’όντι
237 3054 323 3129 οἰκίης
336 3058 386 3128 τῆς
399 3051 482 3126 αὐτῆς
499 3051 664 3128 Δημαρήτῳ,
677 3045 718 3106 ἐπ’
733 3045 753 3125 ᾧ
767 3075 804 3117 τε,
818 3045 852 3122 ἦν
866 3045 950 3105 αὐτόν

146 3141 316 3221 καταστήσῃ
331 3141 459 3216 βασιλέα
478 3140 539 3198 α’ντὶ
556 3135 735 3212 Δημαρήτου,
750 3136 847 3212 ἕψεταί
862 3137 888 3190 οἱ
908 3132 949 3190 ἐπ’

146 3231 308 3311 Αἰγινήτας.
351 3229 366 3288 ό
385 3229 415 3287 δὲ
432 3226 601 3303 Λευτυχίδης
621 3221 656 3294 ἦν
679 3221 777 3296 ἐχθρός
797 3225 835 3297 τῷ
853 3226 949 3292 Δημα-

144 3321 222 3398 ρήτῳ
240 3318 370 3394 μάλιστα
388 3313 509 3396 γεγονοίς
527 3310 573 3370 διὰ
590 3316 707 3385 πρήγμα
728 3305 844 3365 Τῡιόνδθ
866 3303 948 3378 &pr-
