2282 3550
168 139 219 188 ιιι
483 143 663 192 αιόιοαοα
877 141 969 206 [vm.

169 219 253 278 πεδον
271 219 304 278 τδ
322 223 378 279 τῶν
389 219 543 296 Ἑλλήνων·
566 220 636 280 οὕτω
650 221 679 280 δέ
693 220 792 284 αὐτούς
804 222 912 297 μαθεῖν,
928 222 972 283 ὅτι

169 305 202 365 τά
219 307 346 366 ναυτικὸν
364 307 398 367 τά
416 308 524 384 Ξέρξεω
542 307 715 368 ἀπολέεσθαι
730 310 843 384 μέλλοι.
884 315 971 370 ταῦτα

170 396 221 470 μὲν
240 398 355 458 Δικαῖος
374 395 389 454 ὁ
408 397 557 459 Θεοκύδεος
576 398 663 476 ἐλεγε,
683 395 855 474 Δημαρήτου
874 423 905 456 τε
926 400 971 458 καὶ

170 479 266 542 ἀλλων
279 483 426 560 μαρτύρων
440 484 655 560 καταπτόμενος.

122 569 159 628 66
203 573 239 628 Οἱ
253 570 282 628 δέ
296 577 323 632 ἐς
340 571 389 630 τὸν
407 573 515 649 Ξέρξεω
533 571 660 632 ναυτικὸν
677 573 799 648 στρατὸν
815 575 971 652 ταχθέντες,

169 658 263 733 ἐπειδὴ
278 664 307 716 ἐκ
321 663 457 738 Τρηχῖνος
477 660 645 736 θεησάμενοι
662 659 695 719 τδ
709 664 805 736 τρῶμα
824 661 857 719 τύ
875 669 972 720 Λακω-

169 745 244 804 νικᾶν
261 747 398 822 διέβησαν
415 753 441 809 ἐς
459 748 511 822 τὴν
529 747 672 824 Ἱστιαίην,
689 746 852 825 ἐπισχόντες
867 749 972 825 ἡμέρας

168 837 242 910 τρεῖς
261 835 368 894 ἔπλωον
387 834 420 893 δι’
437 834 569 912 Εὐρίπου,
586 837 631 893 καὶ
650 842 678 894 ἐν
692 837 802 912 ἑτέρῃσι
815 839 893 912 τρισὶ
905 837 972 912 ἡμέ-

168 947 236 1000 ρῃσι
255 924 380 1003 ἐγένοντο
398 929 426 981 ἐν
445 924 574 1002 Φαλήρῳ.
598 923 632 986 ώς
645 927 696 999 μὲν
713 925 775 999 ἐμοὶ
795 925 904 997 δοκέειν,
921 925 972 984 ούκ

170 1009 325 1073 ἐλάσσονες
343 1009 430 1073 ἐδντες
449 1009 567 1087 ἀριθμόν
582 1012 724 1086 ἐσέβαλον
739 1015 766 1073 ἐς
780 1010 830 1074 τάς
842 1010 970 1086 Ἀθήνας,

170 1099 240 1157 κατά
253 1125 283 1158 τε
296 1098 410 1175 ἤπειρον
424 1101 470 1157 καὶ
482 1103 550 1176 τῇσι
564 1100 647 1174 νηυσὶ
664 1097 835 1174 ἀπικόμενοι,
849 1097 867 1175 ἢ
882 1101 929 1158 ἐπί
940 1127 972 1159 τε

170 1187 297 1261 Σηπιάδα
325 1187 457 1246 ἀπίκοντο
484 1188 530 1246 καὶ
551 1192 579 1250 ἐς
602 1187 795 1264 Θερμοπύλας.
831 1186 972 1264 ἀντιθήσω

169 1274 224 1354 γάρ
237 1276 316 1334 τοῖσί
327 1302 358 1334 τε
371 1275 425 1334 ύπὸ
437 1279 488 1334 τοῦ
499 1279 636 1354 ’χειμῶνος
654 1273 744 1333 αὐτῶν
757 1273 969 1350 ἀπολομένοισι,

170 1363 215 1419 καὶ
235 1367 312 1421 τοῖσι
331 1368 359 1420 ἐν
376 1362 587 1441 Θερμοπύλῃσι,
603 1363 648 1420 καὶ
667 1367 734 1440 τῇσι
748 1361 789 1420 ἐπ’
803 1361 972 1442 Ἀρτεμισίῳ

170 1453 348 1529 ναυμαχίῃσι,
363 1450 465 1510 τούσδε
478 1451 541 1513 τούς
554 1451 618 1510 τότε
632 1449 703 1509 ούκω
723 1451 872 1526 ἑπομένους
884 1453 971 1526 βασι-

169 1539 225 1611 λέϊ,
255 1539 383 1613 Μηλιέας
409 1565 439 1598 τε
467 1541 512 1598 καὶ
541 1539 671 1616 Δωριέας,
693 1539 738 1596 καὶ
762 1536 893 1614 Λοκρούς,
924 1540 971 1596 καὶ

170 1626 306 1689 Βοιωτούς
322 1633 497 1705 πανστρατιῇ
517 1627 666 1702 ἑπομένους
683 1624 761 1701 πλὴν
779 1626 922 1685 Θεσπιέων
941 1652 972 1684 τε

170 1716 216 1773 καὶ
230 1716 405 1773 Πλαταιέων·
427 1716 473 1772 καὶ
493 1714 573 1790 μάλα
594 1713 771 1790 Καρυστίους
790 1739 821 1772 τε
843 1713 889 1771 καὶ
909 1711 972 1773 Ἀν-

170 1803 268 1880 δρίους,
291 1803 336 1861 καὶ
356 1804 470 1878 Τηνίους
486 1829 516 1861 τε
533 1803 579 1860 καὶ
600 1802 665 1864 τούς
691 1799 808 1864 λοιπούς
834 1801 972 1876 νησιώτας

170 1891 283 1962 πάντας,
306 1891 384 1966 πλην
410 1896 463 1950 τῶν
487 1891 568 1950 πέντε
588 1890 694 1947 πολίων
714 1892 769 1947 τῶν
792 1887 972 1965 ἐπεμνήσθην

169 1981 304 2058 πρότερον
330 1979 366 2039 τά
394 1979 542 2056 οὐνόματα·
578 1977 636 2056 ὅσῳ
662 1978 716 2057 γάρ
750 1976 784 2052 δη
819 1977 972 2053 προέβαινε

169 2069 293 2146 ἐσωτέρω
319 2073 369 2143 τῆς
394 2067 533 2129 Ἑλλάδος
557 2066 573 2125 ὁ
597 2067 720 2143 Πέρσης,
744 2065 869 2144 τοσούτῳ
892 2065 972 2125 πλέω

170 2157 248 2214 ἑθνεά
263 2159 288 2214 οἱ
303 2157 404 2215 εἵπετο.

122 2245 157 2302 67
208 2243 287 2301 Ἐπεὶ
309 2242 345 2302 ὧν
367 2243 486 2304 ἀπίκατο
508 2249 535 2307 ἐς
556 2241 607 2306 τάς
628 2241 747 2318 Ἀθήνας
767 2243 868 2305 πάντες
885 2238 970 2310 οὗτοι,

169 2331 245 2406 πλὴν
264 2331 385 2407 Παρίων·
407 2331 511 2407 Πάριοι
530 2332 559 2390 δέ
576 2331 794 2406 ὑπολειφθέντες
811 2335 839 2389 ἐν
861 2329 971 2408 Κύθνῳ,

168 2419 349 2496 ἐκαραδόκεον
372 2419 422 2478 τὸν
448 2418 574 2496 πόλεμον
602 2422 637 2494 κῆ
663 2419 852 2497 ἀποβήσεται·
888 2421 914 2476 οἱ
942 2419 972 2477 δέ

168 2507 264 2566 λοιποὶ
279 2506 313 2570 ώς
332 2507 464 2566 ἀπίκοντο
481 2512 508 2570 ἐς
524 2506 557 2566 τὸ
576 2506 715 2584 Φάληρον,
731 2508 849 2567 ἐνθαῦτα
863 2506 971 2588 κατέβη

169 2595 252 2658 αύτδς
264 2595 368 2672 Ξέρξης
382 2595 428 2654 ἐπὶ
440 2593 490 2658 τάς
509 2598 584 2670 νῆας,
600 2595 702 2654 ἐθέλων
719 2600 774 2669 σφι
792 2593 928 2669 συμμίξαι
940 2619 973 2652 τε

169 2685 214 2743 καὶ
235 2684 374 2743 πυθέσθαι
390 2686 444 2742 τῶν
464 2681 658 2740 ἐπιπλωάντων
679 2681 729 2744 τάς
750 2681 870 2762 γνώμας.
912 2682 973 2739 ἐπεὶ

168 2773 198 2832 δὲ
221 2771 388 2848 ἀπικόμενος
410 2771 547 2847 προΐζετο,
572 2775 704 2846 παρῆσαν
727 2769 921 2847 μετάπεμπτοι
946 2773 973 2828 οἷ

167 2865 222 2921 τῶν
246 2861 343 2920 ἐθνέων
364 2863 418 2920 τῶν
440 2859 584 2936 σφετέρων
606 2857 733 2934 τύραννοι
758 2859 804 2916 καὶ
825 2857 972 2936 ταξίαρχοι

168 2947 224 3008 ἀπό
242 2953 297 3007 τῶν
315 2952 394 3023 νηῶν,
409 2947 454 3004 καὶ
476 2947 568 3016 ἵζοντο
584 2945 618 3008 ώς
635 2953 690 3022 σφι
709 2945 847 3022 βασιλεύς
863 2943 973 3023 ἑκάστῳ

90 3107 92 3112 Ι
167 3035 250 3110 τιμὴν
272 3034 407 3093 ἐδεδώκεε·
434 3037 543 3109 πρῶτος
563 3032 649 3108 μένδ
672 3033 802 3096 Σιδώνιος
822 3031 971 3108 βασιλεύς·

166 3120 237 3194 μετά
262 3121 290 3178 δὲ
315 3121 330 3179 ὁ
352 3121 459 3196 Τύριος·
494 3121 540 3178 ἐπὶ
568 3121 604 3190 δὲ,
629 3118 726 3180 ὧλλοι·
762 3121 797 3184 ώς
821 3121 851 3180 δέ
874 3120 974 3200 κόσμῳ

169 3208 267 3280 ἐπεξῆς
295 3208 392 3277 ἵζοντο,
418 3207 531 3284 πέμψας
551 3208 656 3283 Ξέρξης
677 3209 837 3286 Μαρδόνιον
864 3208 972 3284 εἰρώτα,

168 3290 390 3368 ἀποπειρώμενος
423 3293 550 3363 ἑκάστου,
583 3298 606 3352 εἰ
640 3299 796 3375 ναυμαχίην
829 3296 973 3364 ποιέοιτο;
