2276 3554
151 163 263 228 ιιι-74]
512 165 624 213 amn.
925 161 956 213 οι

151 245 331 321 προσέβαλε,
345 247 446 319 μοῦνος
458 247 543 304 τοῦτο
556 244 667 327 πάντων
680 244 714 320 δή
727 247 782 304 τῶν
799 243 954 325 γενομένων

150 333 300 409 βασιλέων
313 337 342 392 ἓν
356 332 472 412 Σπάρτῃ
485 333 616 409 ποιήσας.

193 421 364 499 Λευτυχίδης
381 421 410 480 δὲ
429 421 445 479 ό
462 421 613 498 Μενάρεος,
629 419 799 499 Δημαρήτου
816 415 953 480 καταπαυ·
963 420 999 481 71

151 509 278 580 σθέντος,
301 509 439 578 διεδέξατο
463 510 514 584 τήν
537 511 704 586 βασιληίην·
735 511 783 569 καί
803 513 829 569 οἱ
848 511 953 590 γίνεται

150 596 218 660 πάϊς
229 597 404 674 Ζευξίδημος,
415 597 464 657 τόν
473 598 507 673 δή
522 599 665 658 Κυνίσκον
674 599 846 674 μετεξέτεροι
861 600 953 675 Σπαρ-

150 685 268 760 τιητέων
289 685 413 746 ἐκάλεον.
455 683 536 749 οὗτος
557 687 572 746 ὁ
595 687 762 763 Ζευξίδημος
782 685 833 745 οὐκ
855 687 954 762 ε’βασί-

151 777 239 832 λευσε
254 775 393 852 Σπάρτης·
407 774 463 852 πρά
473 776 646 854 Λευτυχίδεω
659 776 714 856 γάρ
727 779 853 854 τελευτᾷ,
865 773 955 833 λιπαίν

150 863 241 920 παῖδα
252 861 432 942 Ἀρχίδημον·
450 865 621 942 Λευτυχίδης
634 864 663 922 δὲ
674 865 818 941 στερηθεὶς
829 861 954 939 Ζευξιδή·

150 971 214 1026 μου
229 951 329 1030 γαμέει
355 952 484 1028 δευτέρην
509 956 627 1032 γυναῖκα
652 951 827 1030 Εὐρυδάμην,
853 955 955 1011 ἰοῦσαν

149 1041 260 1098 Μενίου
277 1042 329 1116 μὲν
347 1039 489 1116 ἀδελφεήν
507 1041 694 1119 Διακτορίδεω
711 1042 740 1100 δὲ
754 1042 903 1121 θυγατέρα·
924 1045 953 1099 ἐκ

150 1130 202 1202 τῆς
216 1131 243 1186 οἰ
257 1129 337 1204 ἔρσεν
350 1131 402 1205 μὲν
413 1130 519 1209 γινέται
533 1128 621 1200 οὖδὲν,
630 1129 755 1210 θυγάτηρ
767 1129 796 1187 δὲ
807 1128 953 1205 Λαμπιτώ·

149 1213 204 1289 τήν
220 1214 392 1293 Ἀρχίδημος
412 1217 427 1276 ὁ
449 1217 619 1295 Ζευξιδήμου
639 1219 745 1298 γαμέει,
767 1217 862 1278 δόντος
883 1215 955 1296 αὐτῷ

149 1305 335 1382 Λευτυχιδεω.
378 1304 421 1364 Ου’
438 1307 491 1381 μὲν
507 1305 570 1365 οὐδὲ
588 1307 758 1384 Λευτυχίδης
773 1305 912 1386 κατεγήρα
926 1308 1001 1365 ε’ν72

150 1391 278 1470 Σπάρτη,
293 1392 370 1452 άλλιί
383 1394 458 1454 τίσιν
470 1394 578 1470 τοιήνδε
591 1394 653 1454 τινοί
665 1393 824 1473 Δημαρήτῳ
837 1394 952 1462 ε’ξέτισε·

150 1480 349 1562 ἐστρατήγησε
362 1481 609 1560 Λακεδαιμονίοισι
623 1487 650 1544 ε’ς
664 1483 836 1557 Θεσσαλίην,
850 1481 954 1559 παρεόν

149 1566 183 1626 δέ
196 1572 223 1627 οἰ
236 1569 383 1648 ὑποχείρια
400 1569 492 1630 πάντα
509 1570 687 1647 ποιήσασθαι
706 1569 893 1648 ἐδωροδόκησε
907 1569 954 1647 εἰρ-

148 1655 250 1736 γάριον
267 1658 351 1716 πολύ·
381 1657 422 1718 ἔπ’
441 1658 596 1739 αὐτοφώρῳ
613 1659 642 1718 δὲ
661 1658 746 1722 άλοιίς
764 1658 849 1718 αὐτοῦ
869 1663 898 1718 έν
917 1662 956 1738 τῷ

149 1746 332 1826 στρατοπέδῳ
362 1747 562 1824 ἐπικατήμενος
590 1748 690 1826 χειρίδι
713 1748 787 1826 πλέῃ
813 1746 952 1828 ἀργυρίου,

149 1833 240 1913 ἔφυγε
254 1839 283 1893 ε’κ
297 1835 435 1912 Σπάρτης,
449 1835 504 1896 ὗπδ
515 1836 693 1912 δικαστήριον
703 1835 846 1913 ιίπαχθείς·
860 1836 906 1894 καὶ
919 1835 954 1894 τά

150 1923 226 1980 οἰκία
240 1926 267 1982 οἰ
281 1924 455 2001 κατεσκάφη·
478 1926 563 2006 ἔφυγε
578 1925 607 1984 δὲ
621 1930 648 1987 ές
660 1925 772 2006 Τεγέην,
788 1924 834 1982 καί
848 1922 954 1982 ε’τελεό-

149 2035 223 2085 τησε
237 2016 266 2071 έν
279 2012 375 2092 ταύτῃ·
389 2016 477 2072 ταῦτα
490 2017 542 2090 μὲν
555 2012 589 2088 δή
604 2014 713 2093 ἐγένετο
726 2012 817 2091 χρόνῳ
827 2011 954 2089 ὕστερον.
992 2036 993 2040 ’

186 2099 258 2158 Τότε
277 2100 306 2158 δὲ
323 2100 357 2164 ὥς
370 2105 408 2180 τῷ
419 2104 574 2178 Κλεομένεϊ
593 2101 719 2176 εύωδοίθη
737 2100 770 2160 τά
790 2105 816 2162 ές
832 2100 881 2159 τὸν
897 2107 952 2175 Δη-
964 2102 1000 2160 73

149 2186 278 2264 μάρητον
293 2194 419 2270 πρῆγμα,
436 2189 534 2248 αὐτίκα
546 2187 724 2266 παραλαβών
733 2189 902 2266 Λευτυχίδεα
911 2187 954 2264 ήῖε

151 2276 199 2333 ε’πὶ
213 2275 278 2340 τοῦς
296 2277 454 2358 Αἰγινήτας,
471 2277 560 2336 δεινόν
572 2276 634 2336 τινά
645 2284 701 2352 σφι
715 2277 828 2357 ἔγκοτον
847 2275 892 2335 διά
905 2276 955 2336 τόν

150 2366 392 2443 προπηλακισμόν
412 2368 490 2444 ἔχων.
533 2365 603 2425 οὕτω
625 2365 659 2440 δή
677 2365 739 2425 οὔτε
759 2368 785 2424 οἰ
798 2371 953 2446 Αἰγινῆται,

150 2451 320 2530 οἷμφοτέρων
340 2458 395 2514 τῶν
414 2453 560 2530 βασιλέων
579 2453 702 2529 ήκόντων
719 2453 760 2512 ἐπ’
778 2453 884 2524 αὐτοιλς,
902 2454 953 2512 ε’δι-

151 2543 245 2601 καίευν
258 2544 297 2602 ἔτι
311 2541 490 2618 ἀντιβαίνειν,
502 2543 602 2601 ε’κεῖνοί
609 2567 639 2600 τε
651 2542 843 2619 ἐπιλεξάμενοι
854 2541 954 2618 ἄνδρας

150 2629 219 2689 δέκα
236 2630 403 2709 Αἰγινητέων
423 2629 486 2692 τούς
504 2631 642 2689 πλείστου
662 2628 755 2698 α’ξίους
775 2631 821 2688 καὶ
841 2630 954 2708 πλούτῳ

151 2718 199 2777 καὶ
221 2719 303 2798 γένεϊ,
322 2717 393 2799 ἦγον
417 2717 462 2776 καὶ
483 2718 588 2780 ἄλλους
610 2717 655 2776 καὶ
679 2717 713 2793 δή
738 2719 783 2776 καί
808 2717 897 2795 Κρῖόν
922 2743 953 2776 τε

149 2805 202 2866 τόν
221 2806 399 2883 Πολυκρίτου
413 2807 458 2864 καί
473 2805 637 2882 Κάσαμβον
649 2805 699 2864 τᾶν
712 2805 951 2883 Ἀριστοκράτεος,

151 2894 234 2972 οἷπερ
249 2895 325 2972 εἶχον
337 2896 473 2975 μέγιστον
487 2892 605 2978 κράτος·ι
617 2891 769 2973 ἀγαγόντες
780 2893 810 2950 δέ
820 2899 911 2967 σφεας
927 2897 954 2955 ε’ς

150 2985 207 3063 γῆν
226 2982 278 3058 τήν
297 2981 435 3058 Ἀττικήν,
451 2981 616 3058 παραθήκην
632 2981 830 3058 παρατίθενται
847 2984 873 3040 ἐς
889 2979 953 3042 τούς

151 3071 301 3148 ε’χθίστους
318 3069 485 3150 Αἰγινήτῃσι
497 3069 667 3144 Ἀθηναίους.
710 3066 791 3126 Μετοί
811 3067 840 3124 δὲ
856 3071 951 3134 ταῦτα,
961 3069 999 3127 74

152 3160 318 3234 Κλεομένεα
338 3158 473 3217 έπάῖστον
492 3157 640 3236 γενόμενον
662 3153 905 3228 κακοτεχνήσαντα
926 3157 953 3212 ές

152 3245 325 3324 Δημάρητον
338 3247 420 3323 δεῖμα
434 3246 522 3318 ἔλαβε
537 3239 740 3315 Σπαρτιητέων,
755 3239 800 3294 καὶ
815 3236 952 3311 ὑπεξέσχε

152 3341 182 3398 ές
199 3337 374 3408 Θεσσαλίην·
397 3336 520 3392 ἐνθεῦτεν
537 3329 566 3386 δὲ
585 3322 749 3396 ἀπικόμενος
763 3328 790 3383 ές
802 3320 953 3396 τήνἈρκα·
