2276 3554
152 132 198 184 126
445 135 627 184 ἩΡΟΔΟΤΟΤ
871 129 947 194 [VII.

151 212 274 291 ἀλλονῆ
294 213 402 275 ἑωυτόν.
444 215 605 292 ἐπειχθῆναι
622 212 675 288 μέν
695 237 743 272 νυν
763 214 821 271 πᾶν
833 213 950 290 πρῆγμα

150 302 235 363 τίκτει
252 300 420 377 σφάλματα,
435 307 464 360 ἐκ
481 305 537 360 τῶν
556 301 653 376 ζημίαι
671 299 794 380 μεγάλαι
816 299 950 375 φιλέουσι

150 390 287 472 γίνεσθαι·
315 393 344 448 ἐν
365 389 394 448 δὲ
415 394 453 467 τῷ
474 391 602 468 ἐπισχεῖν
624 389 715 447 ἔνεστι
738 386 839 468 ἀγαθά,
865 389 888 446 εί
910 385 951 463 μὴ

150 478 306 556 παραυτίκα
325 477 457 537 δοκέοντα
478 477 555 547 εἶναι,
577 475 642 534 ἀλλ’
656 475 708 535 ἀνά
726 474 828 554 χρόνον
847 473 952 551 ἐξεύροι

149 592 191 629 τις
204 565 248 626 ἀν.
285 565 334 626 σοὶ
346 568 399 643 μὲν
412 565 446 641 δὴ
459 569 555 634 ταῦτα,
571 564 592 623 ὦ
604 566 738 640 βασιλεῦ,
753 562 951 640 συμβουλεύω·

151 653 188 714 σύ
212 653 250 723 δὲ,
275 653 369 713 ὦπαῖ
392 653 529 730 Γωβρύεω
553 651 703 730 Μαρδόνιε,
728 655 836 710 παῦσαι
862 651 952 731 λέγων

150 741 252 823 λόγους
268 742 402 818 ματαίους
422 742 486 818 περὶ
503 740 655 816 Ἑλλήνων,
673 738 723 800 οὐκ
745 739 843 799 ἐόντων
869 737 953 808 ἀξίων

150 829 282 907 φλαύρως
305 827 423 889 ἀκούειν·
443 829 586 905 Ἕλληνας
608 827 663 909 γάρ
684 827 856 904 διαβάλλων,
877 827 953 886 ἐπαί-

150 943 207 995 ρεις
225 917 309 978 αύτδν
329 919 457 994 βασιλέα
477 916 690 995 στρατεύεσθαι·
712 915 797 976 αὐτοῦ
811 916 840 975 δὲ
853 914 953 976 τούτου

153 1005 243 1066 εἵνεκα
261 1006 364 1069 δοκέεις
378 1032 428 1082 μοι
445 1010 542 1066 πᾶσαν
562 1006 720 1082 προθυμίην
734 1004 870 1066 ἐκτείνειν.
912 1003 953 1080 μή

151 1119 199 1155 νυν
220 1093 291 1154 οὕτω
310 1095 434 1176 γένηται·
455 1093 579 1170 διαβολὴ
593 1093 648 1174 γάρ
663 1099 724 1153 ἐστι
737 1092 902 1154 δεινότατον·
924 1096 954 1152 ἒν

151 1186 188 1260 τῇ
201 1181 250 1242 δύο
265 1183 318 1260 μέν
339 1187 394 1242 εἰσι
416 1185 442 1242 οἱ
462 1181 622 1251 ἀδικέοντες,
638 1181 675 1244 εἶς
696 1180 725 1240 δὲ
739 1179 754 1240 ὁ
769 1178 953 1257 ἀδικεόμενος·

151 1270 168 1330 ό
188 1273 240 1348 μέν
260 1270 315 1352 γάρ
339 1270 503 1346 διαβάλλων
525 1270 626 1330 ἀδικέει
647 1267 680 1330 ού
700 1269 851 1347 παρεόντος
871 1295 953 1346 κατη-

151 1359 263 1438 γορέων·
284 1358 300 1417 ὁ
314 1359 344 1417 δὲ
356 1357 465 1427 ἀδικέει,
480 1357 696 1435 ἀναπειθόμενος
710 1358 776 1435 πρὶν
789 1355 807 1434 ἢ
820 1355 954 1435 ἀτρεκέως

152 1445 269 1525 ἐκμάθῃ·
290 1446 306 1506 ό
325 1446 354 1506 δὲ
376 1446 410 1522 δή
432 1446 525 1507 ἀπειδν
544 1449 594 1506 τοῦ
615 1445 704 1526 λόγου
720 1446 786 1506 τάδε
800 1451 829 1506 ἐν
843 1444 954 1506 αύτοῖσι

152 1533 297 1603 ἀδικέεται,
315 1534 480 1610 διαβληθείς
500 1559 531 1594 τε
550 1533 605 1594 ύπδ
625 1537 676 1594 τοῦ
700 1534 793 1611 ἐτέρου
813 1535 858 1592 καὶ
877 1559 953 1609 νομι-

153 1621 231 1685 σθεὶς
249 1621 320 1700 πρὸς
335 1625 385 1682 τοῦ
406 1623 500 1699 ἐτέρου
520 1621 605 1686 κακός
625 1621 704 1682 εἶναι.
745 1620 811 1680 ἀλλ’
826 1626 849 1681 εἰ
864 1621 898 1696 δὴ
912 1621 954 1680 δεῖ

151 1736 185 1792 γε
205 1709 314 1774 πάντως
334 1710 380 1770 ἐπὶ
400 1710 465 1774 τούς
486 1709 586 1788 ἀνδρας
606 1710 719 1774 τούτους
741 1709 952 1788 στρατεύεσθαι,

153 1799 231 1876 φέρε,
249 1799 389 1874 βασιλεδς
407 1800 459 1875 μὲν
476 1797 559 1861 αὐτός
575 1803 604 1858 έν
623 1796 707 1874 ἤθεσι
726 1801 802 1858 τοῖσι
820 1800 954 1875 Περσέων

150 1889 263 1964 μενέτω·
287 1887 379 1965 ημέων
399 1888 429 1947 δὲ
447 1887 612 1964 ἀμφοτέρων
631 1887 953 1965 παραβαλλομένων
916 1914 953 1948 τα

150 1976 241 2046 τέκνα,
255 1974 490 2052 στρατηλάτεε’
456 1975 538 2039 αυτδς
548 2001 586 2035 συ
577 1975 796 2085 ἐπιλεξάμενός
808 2003 839 2036 τε
853 1975 954 2053 ἀνδρας

151 2089 216 2128 τους
229 2065 333 2126 ἐθέλεις
347 2090 392 2122 και
383 2063 506 2140 λαβών
526 2089 662 2142 στρατιην
683 2063 793 2140 ὁκόσην
809 2091 871 2124 τινα
862 2065 953 2142 βού-

152 2157 228 2210 λεαι·
249 2154 296 2211 καὶ
316 2150 351 2228 ἢν
371 2155 423 2229 μὲν
445 2157 480 2230 τῇ
499 2178 536 2212 συ
559 2153 651 2233 λέγεις
670 2151 809 2232 ἀναβαίνῃ
831 2151 953 2229 βασιλει

151 2239 188 2299 τά
210 2239 370 2320 πρήγματα,
393 2240 558 2300 κτεινέσθων
581 2243 607 2299 οἶ
630 2241 692 2317 ἐμοὶ
715 2241 811 2304 παῖδες
832 2242 903 2319 πρός
923 2242 953 2301 δὲ

151 2325 263 2387 αύτοΐκτι
287 2327 333 2386 καὶ
356 2327 424 2408 ἐγιύ·
451 2327 485 2403 ἢν
507 2329 537 2388 δέ
557 2333 593 2408 τῇ
615 2329 668 2409 ἐγεδ
693 2330 832 2410 προλέγω,
854 2333 880 2389 οἱ
904 2330 952 2390 σοέ

150 2419 238 2476 ταῦτα
257 2415 424 2495 πασχόντων
437 2415 492 2476 σύν
505 2416 537 2476 δέ
549 2424 605 2493 σφι
620 2417 666 2476 καὶ
679 2417 725 2487 σύ,
739 2415 774 2493 ἢν
794 2417 952 2495 ἀπονοστή-

151 2529 214 2582 σῃς·
236 2507 260 2562 εἰ
281 2503 311 2562 δὲ
332 2508 420 2563 ταῦτα
440 2507 492 2581 μὲν
510 2504 654 2565 ύποδύνειν
672 2505 721 2565 ούκ
742 2505 898 2582 ἐθελήσεις,
914 2507 951 2566 σύ

152 2592 181 2651 δέ
194 2590 302 2655 πάντως
315 2592 476 2669 στράτευμα
490 2592 598 2662 ἀνάξεις
608 2594 654 2652 ε’πὶ
663 2593 714 2669 τήν
728 2593 863 2664 Ἑλλάδα,
872 2594 953 2654 ἀκοί-

151 2681 257 2740 σεσθαί
275 2679 337 2740 τινά
359 2687 434 2757 φημι
454 2684 508 2740 τῶν
527 2680 611 2740 αύτου
599 2681 697 2759 τῇδε
714 2679 951 2760 ύπολειπομένων,

151 2767 362 2846 Μαρδόνιον’
324 2795 398 2849 μεγα
411 2794 438 2828 τι
453 2767 537 2829 κακάν
551 2769 753 2860 ἐξεργασμένον
768 2768 911 2846 Πέρσας
894 2792 950 2830 υπο

151 2860 237 2916 κυνῶν
255 2881 286 2915 τε
308 2881 354 2914 και
344 2855 491 2933 ὀρνίθων
513 2847 773 2933 διαφοραίμενδν,ἤ
796 2884 846 2916 κου
865 2863 893 2917 ἐν
913 2863 951 2939 γῇ

150 2942 393 3022 τῇἈθηναίων”
374 2969 393 3019 η
415 2944 451 3003 σε’
471 2969 504 3024 γε
523 2949 552 3006 ἐν
571 2969 607 3021 τῃ
594 2945 891 3021 Λακεδαιμονίων,’
868 2972 891 3005 ει
910 2947 951 3024 μή

150 3030 205 3107 άρα
218 3032 264 3089 καὶ
278 3031 414 3108 πρότερον
428 3029 486 3089 κατ’
501 3032 574 3101 ὁδόν,
589 3031 692 3112 γνόντα
706 3031 748 3092 ἐπ’
763 3033 838 3096 οἵους
851 3032 953 3112 ἀνδρας

150 3117 345 3198 ἀναγινώσκεις
366 3118 569 3194 στρατεύεσθαι
589 3119 743 3195 βασιλέα.”

106 3207 139 3264 ll
190 3204 366 3280 Ἀρτάβανος
378 3207 429 3281 μὲν
445 3209 533 3264 ταῦτα
547 3207 632 3276 ἔλεξε·
654 3209 760 3285 Ξέρξης
774 3207 803 3267 δέ
817 3209 954 3287 θυμωθεὶς

151 3289 298 3368 ἀμείβεται
316 3292 421 3352 τοῖσδε·
442 3290 635 3370 ’(Ἀρτιίβανε,
649 3296 754 3373 πατρός
768 3295 807 3360 εἴς
819 3297 870 3358 τοῦ
885 3296 955 3368 ε’μοῦ
