2276 3554
166 146 210 192 ιω
469 125 653 190 *mmmm*
884 141 962 204 [vn.

164 225 195 282 τέ
214 227 277 283 εἰσι·
298 220 334 300 ἦν
353 247 384 283 τε
403 222 459 303 γάρ
475 220 582 300 τύχωσι
601 219 844 298 ἐξεστρατευμένοι
864 219 964 298 χίλιοι,

165 309 241 371 οὗτοι
262 310 444 389 μαχήσονταί
458 335 510 382 τοι,
525 307 560 383 ἦν
576 334 607 368 τε
626 307 782 370 ἐλάσσονες
800 307 912 379 τούτων,
929 308 965 385 ἦν

119 402 176 460 103
185 426 216 459 τε
230 401 275 458 καί
288 397 430 461 πλεῦνες.”
470 400 564 455 Ταῦτα
578 395 701 459 ἀκούσας
713 396 827 473 Ξέρξης,
838 395 965 477 γελάσας

165 489 230 564 ἔφη·
264 497 282 523 “
291 485 452 563 Δημάρητε,
465 485 524 544 οἰον
537 483 678 564 ἐφθέγξαο
692 484 764 553 ἔπος,
778 482 878 561 ἀνδρας
890 488 964 564 χιλί-

166 601 214 639 ους
227 578 346 653 στρατιῇ
359 573 464 652 τοσήδε
476 571 673 651 μαχήσασθαι·
707 570 766 653 άγε,
782 572 843 630 εἰπέ
854 597 911 648 μοι,
926 573 964 633 σι)

167 664 223 744 φῂς
242 663 346 724 τούτων
364 666 420 722 τῶν
438 660 543 738 ἀνδρῶν
562 659 644 723 αὐτός
661 658 802 736 βασιλεδς
817 660 963 740 γενέσθαι;

166 753 204 812 σιί
226 752 263 813 ὧν
285 750 429 826 ἐθελήσεις
450 748 548 808 αὐτίκα
568 747 647 824 μάλα
675 747 745 825 πράς
772 747 872 825 ἀνδρας
899 748 965 808 δέκα

165 841 320 921 μάχεσθαι;
356 839 445 898 καίτοι
470 842 494 896 εἰ
514 837 547 897 τά
568 835 714 896 πολιτικόν
737 835 803 912 ὑμῖν
826 839 883 895 πᾶν
904 839 964 897 ἐστὶ

165 934 292 990 τοιοῦτον
306 929 364 988 οἷον
378 926 415 988 σι)
426 925 560 1002 διαιρέεις,
574 926 655 1006 σέγε
668 923 717 984 τάν
731 925 825 984 κείνων
837 926 965 1001 βασιλέα

166 1019 266 1094 πρέπει
281 1016 352 1095 πρός
369 1013 402 1075 τδ
423 1013 575 1090 διπλήσιον
593 1013 816 1074 ἀντιτάσσεσθαι
832 1013 902 1072 κατά
921 1013 965 1073 νό-

167 1131 238 1182 μους
255 1105 320 1168 τούς
338 1103 495 1181 δμετέρους.
531 1103 555 1160 εἰ
573 1101 628 1183 γάρ
649 1102 743 1161 κείνων
761 1102 879 1164 ἕκαστος
899 1102 966 1160 δέκα

166 1193 272 1270 ἀνδρῶν
284 1197 335 1270 τῆς
352 1194 486 1269 στρατιῆς
498 1193 549 1266 τῆς
567 1193 635 1266 ἐμῆς
653 1187 781 1259 ἀντάξιός
799 1191 917 1260 ἐστι,σέ
935 1190 968 1249 δέ

166 1308 199 1362 γε
209 1283 321 1359 δίζημαι
332 1283 420 1340 εἰκοσι
430 1279 500 1338 εἰναι
510 1277 648 1347 ἀντάξιον·
664 1278 709 1336 καὶ
720 1275 791 1337 οὕτω
800 1279 853 1354 μὲν
861 1277 965 1355 ὀρθοῖτ’

166 1368 201 1430 ἂν
220 1370 236 1430 ὁ
257 1371 343 1451 λόγος
363 1369 378 1428 ό
399 1368 476 1445 παρὰ
493 1371 544 1426 σεῦ
563 1367 713 1443 εἰρημένος.
756 1369 780 1424 εἰ
793 1366 830 1436 δέ,
844 1369 969 1427 τοιοῦτοί

166 1484 197 1518 τε
222 1458 311 1520 ἐόντες
337 1457 382 1515 καί
410 1454 536 1537 μεγάθεα
562 1457 695 1514 τοσοῦτοι
722 1453 779 1517 οἷος
805 1454 842 1514 σό
865 1481 896 1514 τε
919 1457 965 1515 καί

167 1546 194 1606 οἰ
206 1545 271 1622 παρ’
292 1549 340 1623 ἐμὲ
362 1549 483 1621 φοιτῶσι
506 1541 652 1619 Ἑλλήνων
676 1547 703 1605 ἐς
722 1541 833 1624 λόγους,
855 1543 970 1623 αόχεῖτει

165 1637 311 1706 τοσοῦτον,
337 1633 389 1711 ὅρα
412 1632 452 1709 μὴ
480 1631 571 1709 μάτην
598 1630 705 1707 κόμπος
731 1630 746 1691 ό
774 1630 860 1712 λόγος
887 1630 967 1696 οὗτος
1016 1643 1020 1652 '

168 1724 308 1801 εἰρημένος
323 1723 378 1799 εἴη.
420 1721 479 1780 ἐπεὶ
498 1720 567 1797 φέρε
585 1719 633 1778 ’ίδω
649 1719 732 1779 παντί
745 1724 784 1798 τῷ
797 1719 892 1780 οἰκότι·
914 1724 967 1784 κείς

165 1810 200 1872 ἂν
218 1812 346 1872 δυναίατο
369 1811 465 1890 χίλιοι,
487 1807 505 1885 ἢ
527 1809 573 1867 καὶ
593 1807 695 1884 μύριοι,
714 1806 732 1883 ἢ
753 1809 799 1867 καὶ
819 1834 965 1869 πεντακισ-

166 1900 268 1978 μόριοι,
280 1901 369 1964 ἐόντες
382 1925 415 1981 γε
429 1897 568 1975 ἐλεύθεροι
580 1896 682 1960 πάντες
695 1895 795 1973 ὁμοίως
808 1899 855 1956 καὶ
867 1897 907 1974 μή
920 1894 966 1957 ἀπ’

168 1979 228 2053 ἑνός
247 1989 406 2068 ἀρχόμενοι,
436 1989 547 2064 στρατῷ
573 1985 679 2064 τοσῷδε
700 1984 877 2061 ἀντιστὴ“ναι;
907 1989 970 2050 ἐπεί

166 2104 211 2138 τοι
236 2082 352 2141 πλεῦνες
372 2076 437 2153 περὶ
460 2077 507 2135 ἐνα
529 2075 647 2134 ἕκαστον
670 2073 805 2154 γινόμεθα
826 2073 845 2151 ἦ
868 2076 966 2154 χίλιαι,

167 2164 266 2226 ἐόντων
283 2166 392 2224 ἐκείνων
407 2165 489 2224 πέντε
505 2162 662 2242 χιλιαδέων.
705 2162 759 2222 ὑπό
775 2166 827 2238 μὲν
839 2163 894 2244 γάρ
909 2164 969 2228 ἐνδς

168 2252 318 2332 ἀρχόμενοι
339 2253 410 2312 κατὰ
430 2251 535 2329 τρόπον
554 2251 605 2311 τάν
625 2250 769 2328 ήμέτερον,
793 2251 912 2332 γενοίατ’
933 2250 969 2314 εἰν

168 2341 353 2417 δειμαίνοντες
373 2344 472 2400 τοῦτον
495 2340 541 2398 καὶ
564 2338 641 2415 παρά
667 2338 719 2415 τήν
747 2343 852 2399 ἑωυτῶν
879 2340 969 2416 φύσιν

168 2429 316 2504 ἀμείνονες,
331 2428 376 2486 καὶ
394 2429 461 2488 ἴοιεν
477 2426 694 2507 ἀναγκαζόμενοι
711 2426 830 2509 μάστιγι
844 2433 872 2492 ἐς
884 2433 968 2488 πλεῦ-

169 2542 217 2580 νας
235 2515 390 2580 ἐλάσσονες
408 2516 506 2579 ἐόντες·
528 2515 665 2591 ἀνειμένοι
682 2515 711 2573 δέ
725 2519 752 2578 ἐς
765 2516 798 2575 τά
813 2516 968 2594 ἐλεύθερον,

170 2604 220 2665 οὐκ
240 2603 274 2664 ἂν
291 2606 411 2664 ποιέοιεν
428 2603 533 2665 τούτων
552 2603 690 2680 οὐδέτερα·
732 2602 817 2664 δοκέω
834 2604 864 2664 δέ
883 2606 970 2686 ἔγωγε

171 2695 216 2752 καί
249 2693 434 2757 ἀνισωθέντας
467 2691 571 2768 πλήθεϊ
591 2694 735 2769 -χαλεπῶς
764 2690 798 2752 ἀν
824 2691 970 2769 Ἐλληνας

169 2783 301 2861 Πέρσησι
313 2780 443 2858 μούνοισι
456 2779 608 2858 μάχεσθαι·
633 2778 711 2838 ἀλλά
723 2777 789 2855 παρ’
803 2779 871 2856 ἡμῖν
886 2782 971 2842 τοῦτό

170 2877 231 2930 ἐστι
248 2870 281 2930 τό
296 2869 333 2930 σι)
351 2869 451 2950 λέγεις·
473 2870 533 2928 ἐστι
545 2894 579 2948 γε
592 2868 687 2943 μέντοι
707 2867 740 2930 αι’
756 2868 877 2938 πολλόν,
893 2868 970 2928 ἀλλά

168 2959 298 3019 σπάνιον·
319 2959 375 3018 εἰσὶ
388 2958 443 3040 γάρ
458 2957 591 3034 Περσέων
600 2959 656 3014 τῶν
666 2959 738 3029 ἐμῶν
749 2957 933 3035 αἰχμοφόρων
944 2957 972 3017 οἰ

169 3046 341 3124 ἐθελήσουσι
352 3045 497 3121 Ἑλλήνων
510 3042 628 3120 ἀνδράσι
641 3042 719 3118 τρισὶ
732 3042 805 3120 ὁμοῦ
815 3045 970 3125 μάχεσθαι·

123 3139 179 3195 104
188 3140 243 3195 τῶν
251 3135 289 3195 σιί
300 3135 350 3196 ἐιδν
361 3133 481 3210 ἄπειρος,
488 3131 585 3191 πολλά
595 3131 770 3207 φλυηρέεις.”
793 3133 873 3210 Πρός
882 3137 972 3195 ταῦτα

169 3223 336 3300 Δημάρητος
354 3222 440 3301 λέγει·
460 3219 504 3277 “ιίι
521 3221 654 3295 βασιλεῦ,
668 3218 791 3299 ἀρχῆθεν
804 3220 972 3300 ἠπιστάμην

168 3311 211 3371 ὅτι
224 3311 346 3388 ἀληθηΐη
358 3309 513 3388 χρεώμενος
526 3306 558 3366 οὗ
573 3309 647 3380 φίλα
659 3333 703 3367 τοι
718 3310 793 3385 ἐρέω·
808 3310 846 3370 m)
859 3311 889 3371 δέ
900 3312 963 3371 ἐπεὶ
