2276 3554
177 140 223 188 158
478 138 660 188 ἨΡΟΔΟΤΟΤ
897 139 978 204 [VH.

177 221 334 296 Μέρβαλος
350 219 509 302 Ἀγβάλου,
529 218 574 276 καὶ
593 218 681 288 Κίλιξ
700 221 845 284 Συέννεσις
860 218 979 296 Ὠρομέ·

173 306 277 377 δοντος,
292 310 338 368 καὶ
353 310 456 372 Λύκιος
475 307 671 382 Κυβερνίσκος
685 308 764 370 Σίκα·
786 309 832 366 καὶ
845 307 978 384 Κύπριοι,

172 395 279 478 Γόργος
292 413 329 458 ’τε
350 399 365 458 ὁ
388 400 517 474 Χέρσιος,
544 396 590 454 καὶ
610 397 741 472 Τιμῶναξ
764 397 781 456 ὁ
803 397 977 477 Τιμαγόρεω·

171 485 218 542 καὶ
245 491 347 562 Καρῶν
371 485 503 548 Ἱστιαῖός
523 509 554 544 τε
577 483 594 543 ό
621 483 734 559 Τύμνεω
759 485 805 543 καὶ
827 484 936 564 Πίγρης
958 508 969 542 ι

124 573 324 651 99Σελδιύμου
348 577 393 634 καὶ
417 573 623 650 Δαμασίθυμος
650 571 666 631 ὁ
693 572 872 632 Κανδαύλεω.
914 578 978 641 Τῶν

169 661 222 736 μέν
248 689 295 722 νυν
318 663 414 723 ἀλλων
438 661 470 722 ού
493 661 712 738 παραμέμνημαι
736 661 914 740 ταξιαρχέων,
940 661 977 725 ὥς
1008 711 1014 728 .

173 748 223 808 ούκ
244 749 475 832 ἀναγκαζόμενος·
502 749 682 826 Ἀρτεμισίης
706 749 744 819 δέ,
769 753 819 825 τη”ς
845 748 975 825 μάλιστα

171 838 251 916 θῶμα
272 846 402 917 ποιεῦμαι
423 841 468 899 ἐπὶ
492 837 544 914 την
566 837 694 896 Ἑλλάδα
721 839 973 915 στρατευσαμένης,

168 929 307 1007 γυναικός·
340 929 407 1006 7θτις,
430 927 620 990 ἀποθανόντος
642 930 692 986 τοῦ
717 925 824 1003 ἀνδρός,
849 926 920 1003 αύτή
943 955 974 988 τε

169 1015 274 1094 ἔχουσα
284 1017 336 1094 την
348 1017 496 1096 τυραννίδα
506 1016 552 1074 καὶ
562 1014 661 1078 παιδός
670 1013 844 1094 ύπάρχοντος
853 1017 973 1092 νεηνίεω,

170 1102 225 1164 ύπδ
242 1105 370 1183 λήματός
385 1133 416 1166 τε
433 1107 479 1164 καὶ
493 1104 621 1181 ἀνδρηίης
638 1102 828 1180 ἐστρατεύετο,
844 1103 974 1181 ούδεμιῆς

170 1193 271 1270 ἐούσης
284 1199 311 1254 οἱ
325 1195 484 1276 ἀναγκαίης.
520 1191 625 1268 οὕνομα
637 1195 689 1269 μὲν
702 1192 736 1267 δὴ
747 1190 782 1267 ἦν
795 1191 865 1271 αὐτῇ
877 1193 973 1270 Ἀρτε-

168 1283 259 1358 μισίη,
276 1283 399 1364 θυγάτηρ
416 1282 445 1342 δέ
464 1281 499 1358 ἦν
514 1275 683 1362 Λυγδάμιος·
704 1282 784 1361 γένος
804 1281 833 1340 δέ
849 1282 879 1351 ἐξ
894 1281 973 1342 Ἅλι-

169 1376 331 1447 καρνησσοῦ
344 1373 380 1431 τά
394 1370 465 1448 πρός
474 1369 588 1447 πατρός,
599 1369 634 1428 τά
644 1368 784 1447 μητρόθεν
794 1369 823 1428 δέ
835 1374 971 1446 Κρῆσσα.

168 1457 318 1538 ἡγεμόνευε
349 1460 379 1519 δέ
404 1459 651 1536 Ἁλικαρνησσέων
677 1485 708 1517 τε
736 1459 781 1516 καὶ
812 1457 897 1537 Κῴων
925 1462 971 1519 καὶ

167 1546 311 1624 Νισυρίων
323 1574 355 1607 τε
368 1549 415 1607 καὶ
425 1547 603 1624 Καλυμνίων,
615 1547 697 1606 πέντε
709 1547 771 1610 νέας
781 1548 969 1626 παρεχομένη·

168 1635 213 1692 καὶ
226 1636 393 1713 συναπάσης
405 1641 456 1712 τῆς
469 1639 612 1713 στρατιῆς,
626 1634 698 1712 μετά
711 1661 744 1715 γε
757 1634 808 1697 τάς
825 1635 970 1707 Σιδωνίων,

168 1724 229 1787 νέας
251 1723 431 1795 εὐδοξοτάτας
453 1726 610 1804 παρείχετο,
634 1723 744 1783 πάντων
766 1749 797 1782 τε
819 1727 873 1783 τῶν
898 1751 969 1802 συμ-

165 1812 263 1892 μάχων
282 1813 394 1895 γνώμας
414 1813 531 1891 ἀρίστας
545 1813 667 1889 βασιλέϊ
682 1811 844 1880 ἀπεδέξατο·
868 1816 924 1872 τῶν
938 1813 969 1873 δέ

167 1901 302 1971 κατέλεξα
322 1904 428 1962 πολίων
444 1900 623 1983 ἡγεμονεύειν
639 1899 733 1975 αύτήν,
752 1899 786 1959 τό
803 1901 880 1963 ἔθνος
900 1900 969 1961 ἀπο-

166 1991 257 2064 φαίνω
272 1996 329 2050 πᾶν
343 1991 390 2050 ἐόν
404 1989 537 2067 Δωρικόν·
558 1989 806 2064 Ἀλικαρνησσῆας
823 1990 875 2064 μὲν
888 1995 968 2066 Τροι-

166 2077 280 2154 ζηνίους,
293 2078 358 2142 τούς
368 2079 398 2138 δέ
409 2078 514 2141 ἄλλους
523 2077 725 2154 Ἐπιδαυρίους.
753 2081 781 2138 ἐς
789 2079 841 2152 μὲν
850 2077 968 2139 τοσόνδε

165 2164 182 2225 ά
196 2165 322 2230 ναυτικός
336 2167 458 2244 στρατός
471 2168 586 2244 εἴρηται.

118 2254 176 2312 100
218 2256 323 2331 Ξέρξης
344 2255 382 2324 δὲ,
405 2256 465 2314 ἐπεὶ
491 2255 634 2332 η’ρίθμησέ
658 2281 689 2314 τε
717 2255 763 2313 καὶ
790 2253 923 2333 διετάχθη
951 2256 967 2314 ό

165 2343 293 2419 στρατός,
317 2342 476 2420 ἐπεθύμησε
499 2343 581 2406 αύτός
603 2349 695 2419 σφεας
715 2342 879 2412 διεξελάσας
904 2342 967 2418 θεή-

165 2431 281 2490 σασθαι·
302 2431 374 2507 μετά
391 2433 420 2490 δέ
435 2434 524 2491 ἐποίεε
540 2436 636 2500 ταῦτα,
657 2431 702 2489 καὶ
721 2430 899 2500 διεξελαύνων
920 2432 966 2489 ἐπὶ

164 2519 287 2596 ἅρματος
310 2519 387 2598 παρά
408 2523 485 2584 έθνος
509 2521 537 2580 ἐν
558 2521 685 2591 ἕκαστον,
711 2518 887 2579 ἐπυνθάνετο·
920 2520 966 2578 καὶ

163 2607 330 2689 ἀπέγραφον
351 2613 378 2668 οἱ
399 2609 620 2690 γραμματισταί·
656 2609 705 2671 ἕως
731 2608 762 2678 ἐξ
788 2607 915 2687 ἐσχάτων
938 2613 966 2672 ἐς

164 2697 272 2775 ἔσχατα
285 2697 400 2757 ἀπίκετο
415 2699 460 2756 καὶ
473 2702 524 2772 τῆς
538 2698 624 2756 ἵππου
638 2697 747 2757 καὶτοῦ
760 2697 854 2767 πεζοῦ.
886 2695 922 2759 οἷς
935 2695 966 2755 δὲ

162 2784 250 2844 ταῦτά
271 2789 298 2844 οἱ
319 2788 476 2862 ἐπεποίητο,
497 2789 552 2846 τῶν
572 2789 640 2845 νεῶν
660 2785 918 2845 κατελκυσθεισέων
937 2790 966 2848 ἐς

162 2871 323 2945 θάλασσαν,
339 2875 457 2935 ἐνθαῦτα
469 2873 486 2934 ό
500 2875 605 2951 Ξέρξης
616 2873 757 2950 μετεκβάς
770 2878 800 2932 ἐκ
813 2877 863 2934 τοῦ
877 2871 965 2950 ἅρμα-

160 2986 208 3024 τος
228 2967 256 3025 ἐς
276 2964 324 3022 νέα
344 2963 485 3039 Σιδωνίην,
505 2963 577 3034 ἵζετο
595 2962 650 3022 ύπδ
669 2965 761 3041 σκηνῇ
778 2962 896 3042 χρυσέη·
918 2964 965 3022 καὶ

161 3051 302 3125 παρέπλεε
315 3050 392 3128 παρά
410 3050 460 3114 τάς
478 3050 589 3128 πρώρας
607 3054 662 3110 τῶν
676 3055 752 3120 νεῶν,
767 3055 920 3128 ἐπειρωτῶν
932 3077 965 3110 τε

161 3136 280 3200 ἑκάστας
297 3137 398 3214 ὁμοίως
416 3139 463 3197 καὶ
481 3138 531 3198 τόν
547 3137 632 3210 πεζόν
653 3140 698 3198 καὶ
718 3137 964 3220 ἀπογραφόμενος·

161 3224 211 3287 τάς
224 3226 253 3283 δέ
266 3226 328 3289 νέας
339 3229 366 3284 οἱ
375 3227 510 3305 ναύαρχοι
523 3225 708 3308 ἀναγαγόντες
718 3226 789 3288 ὅσον
798 3253 829 3288 τε
839 3229 968 3304 τέσσερα

160 3312 271 3387 πλέθρα
284 3312 340 3372 αἰπὰ
353 3317 404 3372 τοῦ
417 3318 547 3394 αἰγιαλοῦ
561 3314 739 3394 ἀνεκώχευον,
749 3314 800 3378 ταὶς
810 3315 922 3393 πρώρας
936 3320 965 3379 ἐς
