2258 3568
572 1 616 104 q.

185 119 215 163 ιι
509 117 692 168 Ἤνοιουου
937 120 986 185 [V.

184 193 247 254 οὔτε
274 200 297 254 εἰ
319 197 435 260 ἔσσονες
456 197 712 278 συγγινωσκόμενοι
733 199 802 258 εἶναι
823 203 859 277 τῇ
882 225 988 276 ναυμα-

184 283 233 362 χίῃ
252 283 322 343 κατὰ
337 287 421 343 τοῦτο
443 284 525 356 εἶξαν,
548 285 609 344 οὔτε
632 291 655 345 εἰ
674 283 846 361 βουλόμεθοι
866 290 989 361 ποιῆσαι

185 369 244 430 οἶόν
259 398 286 432 τι
307 373 352 432 καὶ
369 373 527 452 ἐποίησαν)
550 372 714 449 Ἀθηναίους
731 375 783 450 μέν
804 401 860 445 νιν,
875 379 937 436 ε’πεί
956 379 989 434 τέ

185 465 242 534 σφι
256 459 344 523 οὐδεὶς
358 465 385 523 ές
398 461 492 539 μάχην
506 463 666 530 κατίστατο,
682 460 846 537 ἀποβάντας
858 461 914 522 ἀπό
931 468 989 523 τῶν
1111 448 1115 529 1.

187 551 254 608 νεῶν
269 550 427 625 τραπέσθαι
442 549 513 627 πρός
532 549 568 608 τά
587 549 747 630 ἀγάλματα·
769 549 801 609 οό
820 551 988 615 δυνααένους

187 635 217 693 δὲ
234 635 400 696 ἀνασπάσαι
418 643 448 696 ἐκ
469 642 524 698 τῶν
542 637 657 715 βάθρων
675 637 753 708 οότά,
772 638 842 698 οὕτω
859 638 892 714 δή
909 665 987 716 περι-

184 725 382 801 βαλλομένους
406 727 519 804 σχοινία
547 727 645 796 έλκειν,
674 731 701 789 ές
728 724 760 785 οὗ
789 726 924 803 ἑλκόμενα
950 727 987 786 τά

185 809 336 891 ἀγάλματα
357 812 505 891 ἀμφότερα
526 814 614 873 τώυτό
638 819 766 890 ποιῆσαι·
796 815 857 892 ἐμοὶ
879 817 932 892 μέν
954 819 987 874 οὐ

185 900 273 960 πιστά
295 902 432 982 λέγοντες,
447 901 526 982 ἄλλῳ
545 904 576 962 δέ
593 930 654 982 τεῳ·
677 908 703 966 ές
716 903 837 984 γούνατα
854 902 908 984 γάρ
929 911 987 980 σφι

185 985 254 1047 αότά
271 991 390 1059 πεσέειν,
406 991 451 1049 καὶ
465 991 514 1051 τόν
533 991 589 1051 ἀπό
608 991 707 1051 τούτου
719 991 821 1070 χρόνον
835 991 987 1051 διατελέειν

123 1123 125 1128 .
186 1074 257 1136 οὕτω
283 1079 391 1158 ἔχοντα.
433 1078 596 1155 Ἀθηναίους
622 1083 674 1157 μὲν
701 1079 733 1156 δὴ
761 1083 848 1140 ταῦτα
874 1081 985 1150 ποιέειν,

188 1167 280 1241 σφέας
293 1167 323 1226 δὲ
337 1172 484 1249 Αἰγινῆται
501 1170 626 1250 λέγουσι,
641 1168 813 1246 πυθομένους
825 1167 891 1233 τοὺς
904 1167 985 1244 Ἀθη-

188 1254 280 1318 ναίους
302 1254 336 1318 κός
357 1257 490 1332 μέλλοιεν
513 1258 558 1314 ε’πὶ
577 1259 668 1332 σφέας
689 1256 901 1333 στρατεόεσθοι,
918 1258 985 1316 έτοί-

186 1366 256 1416 μους
276 1341 418 1424 Ἀργείους
441 1345 596 1404 ποιέεσθαι·
624 1345 688 1409 τοός
709 1372 740 1405 τε
790 1345 797 1367 “
822 1345 986 1422 Ἀθηναίους

185 1426 366 1506 ἀποβεβάναι
388 1435 416 1494 ές
437 1432 488 1508 τήν
505 1435 658 1514 Αἰγιναίην,
673 1435 718 1493 καὶ
738 1438 866 1511 παρεῖναι
883 1436 985 1510 βοηθέ-

185 1515 266 1579 οντάς
280 1525 336 1594 σφι
350 1519 413 1583 τούς
427 1518 578 1602 Ἀργείους·
600 1523 645 1581 καὶ
658 1524 756 1582 λαθεῖν
770 1549 800 1582 τε
815 1524 846 1592 ἐξ
857 1521 985 1582 Ἐπιδαύ-

184 1629 236 1680 ρου
260 1605 412 1682 διαβάντας
433 1614 460 1672 ἐς
479 1609 531 1685 τήν
554 1615 649 1686 νῆσον,
674 1611 718 1669 καὶ
741 1611 773 1671 οὗ
794 1611 985 1688 προακηκοόσι

184 1695 260 1752 τοῖσι
274 1692 449 1770 Ἀθηναίοισι
464 1699 621 1758 ε’πιπεσέειν
638 1699 865 1776 ὑποταμομένους
880 1698 912 1759 τό
930 1699 984 1759 ἀπό

184 1784 240 1841 τῶν
253 1786 329 1842 νεῶν·
352 1784 410 1862 ἅμα
423 1811 454 1845 τε
469 1790 497 1845 ἓν
510 1786 598 1866 τούτῳ
611 1787 662 1862 τήν
672 1787 797 1864 βροντήν
810 1814 841 1846 τε
854 1788 984 1868 γενέσθαι

137 1869 174 1927 87
185 1870 231 1928 καὶ
243 1870 293 1931 τόν
307 1873 428 1949 σεισμόν
439 1872 559 1934 αὐτοῖσι.
600 1876 720 1956 Λέγεται
733 1877 785 1952 μέν
799 1902 847 1937 νυν
864 1875 909 1934 ἀπ’
922 1874 984 1954 Ἀρ-

186 1957 268 2037 γείων
282 1985 312 2019 τε
332 1962 377 2019 καὶ
399 1964 567 2042 Αἰγινητέων
586 1963 661 2022 τάδε·
683 1963 866 2045 ὁμολογέεται
889 1955 918 2023 δέ
940 1966 985 2023 καὶ

184 2045 231 2104 ὑπ’
247 2045 408 2124 Ἀθηναίων,
431 2050 478 2110 ἕνα
497 2055 600 2127 μοῦνον
621 2051 671 2112 τόν
692 2051 876 2113 ἀποσωθέντα
898 2051 986 2113 αὐτῶν

109 2131 113 2138 Δ
187 2138 215 2198 ἐς
234 2137 286 2212 τήν
308 2137 442 2213 Ἀττικήν
465 2140 607 2219 γενέσθαι·
630 2141 706 2216 πλὴν
724 2139 847 2222 Ἀργεῖοι
868 2143 919 2218 μὲν
940 2143 985 2200 λέ-

184 2249 276 2304 γουσι,
292 2224 381 2285 αὐτῶν
401 2225 434 2286 τό
455 2225 583 2287 Ἀττικόν
600 2229 791 2305 στρατόπεδον
811 2229 984 2306 διαφθειράν-

185 2337 240 2372 των
260 2312 309 2372 τόν
327 2313 375 2371 ἕνα
393 2319 493 2374 τοῦτον
511 2317 714 2397 περιγενέσθαι,
729 2315 872 2393 Ἀθηναῖοι
889 2317 918 2376 δὲ
936 2323 986 2376 τοῦ

186 2398 337 2476 δαιμονίου,
352 2405 546 2483 περιγενέσθαι
567 2404 662 2480 μέντοι
679 2403 741 2464 οὐδὲ
755 2410 854 2465 τοῦτον
867 2404 916 2464 τόν
930 2407 986 2476 ἕνα,

185 2485 250 2545 ἀλλ’
272 2487 432 2549 ἀπολέσθαι
459 2491 552 2571 τρόπῳ
579 2492 683 2571 τοιῷδε·
713 2494 856 2570 κομισθεὶς
882 2493 937 2574 γάρ
960 2499 987 2557 ές

184 2574 234 2637 τάς
247 2575 367 2651 Ἀθήνας
381 2577 536 2660 ἀπήγγειλε
553 2579 586 2640 τό
605 2579 703 2643 πάθος·
725 2583 882 2657 πυθομένας
895 2581 924 2640 δὲ
937 2582 986 2645 τάς

186 2667 317 2742 γυναῖκας
338 2670 392 2725 τῶν
414 2667 455 2726 ἐπ’
471 2668 587 2748 Αἴγιναν
608 2670 857 2746 στρατευσαμένων
873 2668 986 2746 ἀνδρῶν,

185 2751 273 2812 δεινόν
293 2779 321 2812 τι
346 2757 537 2831 ποιησαμένας
560 2760 649 2816 κεῖνον
673 2761 775 2833 μοῦνον
803 2757 833 2826 ἐξ
859 2756 987 2816 ἀπάντων

185 2841 318 2915 σωθῆναι,
333 2843 415 2918 πέριξ
432 2843 481 2903 τόν
498 2843 642 2920 ἄνθρωπον
660 2849 761 2905 τοῦτον
778 2844 927 2921 λαβούσας
941 2847 987 2904 καὶ

186 2926 333 2993 κεντεύσας
346 2935 413 3008 τῇσι
433 2932 570 3010 περόνῃσι
585 2938 640 2992 τῶν
654 2935 776 3009 ἱματίων,
792 2936 906 3010 εἰρωτᾶν
926 2930 986 2990 έκά·

187 3042 259 3092 στην
273 3017 376 3078 αὐτέων
390 3020 441 3095 όκη
455 3022 497 3095 εἴη
510 3020 526 3079 ό
541 3025 640 3096 ἑωυτῆς
654 3021 742 3097 ἀνήρ;
765 3023 810 3080 καὶ
823 3025 922 3082 τοῦτον
935 3024 987 3096 μὲν

187 3103 256 3162 οὕτω
280 3105 478 3183 διαφθαρῆναι·
503 3107 678 3183 Ἀθηναίοισι
698 3109 727 3166 δὲ
749 3111 789 3169 ἔτι
810 3113 860 3169 τοῦ
884 3109 987 3172 πάθεος

186 3191 338 3268 δεινότερόν
360 3220 388 3253 τι
408 3195 486 3264 δόξαι
511 3195 579 3254 εἶναι
602 3195 635 3254 τό
658 3200 713 3255 τῶν
735 3202 871 3278 γυναικῶν
895 3223 986 3277 εργον’

185 3278 264 3358 ἄλλῳ
282 3284 334 3357 μὲν
352 3282 386 3356 δη
407 3281 456 3341 οόκ
475 3285 547 3361 ἔχειν
563 3281 631 3361 ὅτεῳ
650 3285 812 3360 ζημιώσωσι
830 3286 880 3348 τάς
893 3290 986 3364 γυναῖ-
