2276 3554
594 21 641 89 15.

194 163 225 210 οι
508 165 690 214 Ἤτοιουου
934 164 994 229 [νι.

192 241 279 318 μένην
297 241 313 301 ὁ
331 241 476 319 Ἀρίστων,
498 243 582 319 ἔμαθε
602 243 638 307 ὥς
657 245 732 304 θεῖον
750 243 792 320 εἴη
812 242 845 302 τδ
869 247 994 325 πρῆγμα

194 330 239 388 καὶ
259 333 409 406 τοῦτομὲν
427 333 454 390 οἱ
471 332 609 407 στέφανοι
630 332 775 408 ἐφάνησαν
791 331 882 396 ἐόντες
898 338 928 392 ἐκ
947 336 997 394 τοῦ

192 419 294 495 ἡρωίου
306 423 356 479 τοῦ
375 420 451 498 παρά
464 424 533 499 τῇσι
548 420 650 499 θύρῃσι
663 425 732 499 τῇσι
745 420 875 499 αὐλείῃσι
890 421 996 498 ἱδρυμέ-

192 533 250 568 νου·
266 508 310 588 (τδ
325 509 459 568 καλέουσι
468 508 693 589 Ἀστραβάκου)
706 512 789 568 τοῦτο
803 509 832 568 δέ
846 512 872 568 οἱ
884 509 996 585 μάντιες

193 596 243 656 τὸν
260 596 343 656 αὐτὸν
361 601 461 657 τοῦτον
479 596 556 674 ἥρωα
569 597 696 674 ἀναίρεον
710 597 788 656 εἶναι.
831 595 902 656 οὕτω
932 596 996 672 ἢ,ὦ

191 689 251 754 παῖ,
267 686 338 763 ἔχεις
353 689 409 744 πᾶν
423 684 493 746 ὅσον
506 711 534 744 τι
547 685 592 744 καὶ
605 684 726 762 βούλεαι
739 686 888 745 πυθέσθαι·
908 684 995 767 ἦγᾶρ

195 777 225 830 ἐκ
238 776 288 832 τοῦ
303 773 390 849 ἥρωος
403 773 502 833 τούτου
514 775 632 854 γέγονας
642 775 741 833 καίτοι
751 772 844 850 πατήρ
855 777 918 834 ἐστι
926 773 994 834 Ἀσ-

193 860 337 937 τράβακος
354 861 370 921 ὁ
388 861 467 938 ἥρως,
487 860 506 938 ἢ
522 861 669 939 Ἀρίστων·
691 867 719 921 ἐν
736 860 792 943 γάρ
810 887 846 921 σε
863 865 899 940 τῇ
918 864 995 922 νυκτὶ

192 950 280 1028 ταύτῃ
295 949 466 1025 α’ναιρέομαι.
500 977 536 1029 πρ
551 951 582 1009 δέ
593 976 645 1015 σευ
660 949 789 1026 μάλιστα
807 949 994 1010 κατάπτονται

193 1040 220 1097 οἱ
239 1037 342 1116 ἐχθροὶ,
362 1039 491 1118 λέγοντες
509 1038 544 1101 ὥς
560 1037 643 1101 αὐτὸς
661 1037 677 1098 o‘
693 1037 838 1114 Ἀρίστων,
853 1036 900 1097 ὅτε
919 1037 994 1118 αὐτῷ

192 1126 229 1186 σδ
256 1125 398 1207 ἠγγέλθης
418 1127 624 1207 γέγεννημένος,
645 1130 762 1186 πολλῶν
783 1123 940 1186 ἀκουόντων
960 1127 993 1186 οὗ

194 1215 298 1291 φήσειέ
326 1241 361 1274 σε
390 1218 490 1273 ἑωυτοῦ
519 1215 596 1284 εἶναι,
619 1215 680 1293 (τόν
702 1213 804 1292 χρόνον
833 1213 896 1294 γάρ,
929 1215 993 1278 τούς

127 1371 130 1378 Ι
192 1303 258 1362 δέκα
276 1307 374 1380 μῆνας,
394 1302 457 1361 οὐδέ
476 1329 513 1360 κω
533 1302 658 1381 ἐξήκειν)
673 1301 782 1380 άϊδρηίῃ
795 1304 849 1362 τῶν
862 1302 993 1363 τοιούτων

193 1395 280 1453 κεῖνος
293 1395 376 1449 τοῦτο
389 1389 525 1468 ἀπέρριψε
534 1390 567 1450 vd
579 1392 653 1454 ἔπος·
666 1391 793 1449 τίκτουσι
801 1389 856 1470 γάρ
867 1394 993 1469 γυναῖκες

194 1479 240 1536 καὶ
264 1478 415 1554 ἐννεάμηνα
442 1480 487 1536 καὶ
511 1478 663 1555 ἑπτάμηνα,
690 1479 735 1536 καὶ
758 1476 790 1537 οὗ
812 1481 903 1537 πᾶσαι
927 1478 992 1537 δέκα

192 1571 282 1643 μῆνας
307 1567 503 1625 ἐκτελέσασαι·
525 1566 579 1648 ἐγο)
595 1567 625 1626 δέ
647 1570 690 1636 σέ,
712 1565 733 1625 ὦ
754 1569 818 1636 παῖ,
834 1565 992 1642 ἐπτάμηνον

464 1653 609 1676 λ’λΗ

193 1655 295 1714 ἐτεκον·
309 1656 377 1735 ἐγνω
388 1655 417 1713 δὲ
428 1681 474 1713 και
484 1681 566 1718 αυτος
576 1683 591 1714 ο
611 1657 740 1732 Αρίστων
754 1653 786 1714 οὔ
799 1653 871 1730 μετά
881 1654 992 1714 πολλάν

192 1742 302 1821 χρόνον,
318 1742 352 1806 οἷς
365 1742 444 1822 άνοίῃ
457 1743 490 1802 τὰ
505 1743 569 1806 ἔπος
588 1744 708 1820 ἐκβάλοι
723 1747 816 1802 τοῦτο.
846 1741 949 1821 λόγους
963 1743 992 1802 δὲ

193 1829 299 1895 ἄλλους
311 1833 375 1909 περὶ
388 1831 513 1912 γενέσιος
526 1837 576 1907 τῆς
590 1835 712 1890 σεωυτοῦ
725 1831 765 1907 μή
780 1830 867 1889 δέκεο·
888 1830 924 1888 τά
937 1831 992 1910 γάρ

193 1919 375 1995 ἀληθέστατα
388 1919 479 1980 πάντα
493 1918 623 1995 άκήκοας.
655 1925 684 1977 ἐκ
698 1920 727 1978 δὲ
741 1919 909 1996 ὀνοφορβῶν
919 1917 992 1997 αύτῷ

194 2035 225 2068 τε
245 2009 400 2088 Λευτυχίδῃ
422 2008 468 2067 καὶ
488 2012 565 2067 τοῖσι
584 2013 672 2067 ταῦτα
692 2008 810 2089 λέγουσι
824 2009 943 2091 τίκτοιεν
963 2011 993 2066 αἶ

146 2099 184 2157 70
193 2095 319 2177 γυναῖκες
336 2096 462 2160 παῖδας.”
501 2096 539 2154 Ἡ
561 2099 612 2172 μέν
636 2096 670 2171 δή
691 2101 778 2155 ταῦτα
805 2097 893 2176 ἔλεγε·
925 2094 942 2154 ά
963 2096 992 2155 δέ

193 2185 348 2260 πυθόμενός
366 2211 396 2243 τε
416 2185 451 2244 τά
473 2185 609 2260 ἐβούλετο
628 2185 674 2242 καὶ
692 2183 789 2244 ἐπόδια
806 2183 914 2259 λαβιδν,
929 2189 992 2243 ἐπο-

194 2273 290 2350 ρεύετο
305 2273 428 2334 ἐςἨλιν
438 2277 476 2352 τῷ
489 2273 573 2354 λόγῳ,
588 2273 645 2348 φάς
658 2272 693 2335 ὦς
704 2278 731 2335 ἐς
746 2272 878 2348 Δελφοιλς
887 2271 992 2350 χρησά-

194 2387 276 2438 μενος
284 2365 321 2439 τῷ
328 2363 488 2440 χρηστηρίῳ
496 2361 650 2437 πορεύεται.
665 2361 879 2436 Λακεδαιμόνιοι
887 2361 916 2418 δὲ
926 2361 992 2420 ὑπο-

193 2449 359 2525 τοπηθέντες
374 2449 544 2526 Δημάρητον
561 2449 677 2528 δρησμῷ
690 2448 859 2527 ἐπιχειρέειν,
872 2448 993 2508 ἐδίωκον·

195 2539 243 2595 καί
257 2563 308 2600 κως
325 2538 397 2613 ἔφθη
417 2543 444 2600 ἐς
462 2537 603 2596 Ζάκυνθον
622 2537 754 2613 διαβάςὸ
777 2535 945 2612 Δημάρητος
962 2541 994 2594 ἐκ

196 2625 378 2701 τῆςἯλιδος·
390 2625 581 2700 ἐπιδιαβάντες
595 2625 624 2684 δέ
638 2628 664 2684 οἱ
675 2624 896 2700 Λακεδαιμόνιοι,
908 2623 995 2683 αὐτοῦ

195 2739 226 2772 τε
239 2711 359 2772 ἅπτοντο
381 2715 426 2771 καὶ
443 2713 507 2774 τούς
524 2713 694 2790 θεράποντας
712 2711 796 2772 αὐτὸν
817 2713 994 2788 απαιρέοντο·

193 2802 265 2879 μετά
284 2802 320 2871 δὲ,
336 2801 368 2860 οὔ
381 2802 436 2882 γάρ
456 2801 486 2868 ἐξ
500 2801 615 2860 δίδοσαν
631 2801 714 2860 αὐτόν
731 2803 757 2859 οἱ
776 2800 931 2869 Ζακύνθιοι,
953 2804 994 2859 ἐν·

195 2892 290 2950 θεῦτεν
298 2891 435 2965 διαβαίνει
444 2895 470 2951 ἐς
478 2889 635 2965 τήνἈσίην
644 2889 720 2966 παρά
728 2889 855 2965 βασιλέα
865 2891 994 2964 Δαρεῖον·

194 2979 254 3038 ὁδέ
268 2978 417 3047 ὑπεδέξατό
430 3005 460 3036 τε
474 2977 558 3036 αὐτὸν
575 2979 746 3059 μεγαλωστὶ,
765 2978 811 3036 καὶ
829 2981 884 3057 γῆν
900 3003 931 3035 τε
949 2976 996 3034 καὶ

193 3066 277 3128 πόλις
291 3067 379 3124 ἔδωκε.
400 3065 470 3124 οὕτω
480 3064 594 3123 α’πίκετο
608 3069 635 3127 ἐς
647 3065 699 3140 τήν
711 3064 812 3142 Ἀσίην
827 3065 997 3142 Δημάρητος

196 3154 241 3210 καὶ
261 3153 374 3231 τοιαύτῃ
395 3152 572 3231 χρησάμενος
587 3151 667 3230 τίχῃ,
686 3151 763 3212 ἄλλα
778 3180 810 3212 τε
822 3153 996 3228 Λακεδαιμο·

195 3241 280 3298 νίοισι
290 3241 380 3318 συχνά
391 3240 500 3319 ἔργοισί
505 3265 535 3298 τε
547 3239 592 3297 καὶ
599 3239 729 3319 γνώμῃσι
739 3240 997 3317 ἀπολαμπρυνθείς,

196 3332 225 3386 ἐν
244 3326 273 3384 δὲ
290 3328 323 3401 δή
342 3329 387 3384 καὶ
399 3326 579 3402 Ὀλυμπιάδα
597 3333 653 3402 σφι
669 3327 836 3404 α’νελόμενος
852 3328 998 3406 τεθρίππῳ
