2258 3568
148 166 261 232 90-92]
452 170 654 220 ΤΕΡΨῙΧΟΡΗ.
920 171 949 218 ss

148 249 275 324 ὕβρίσας
296 248 424 326 ἐξέβαλε,
439 249 522 320 δόξαν
540 251 569 310 δὲ
590 250 684 325 φύσας
702 247 857 319 αὐξάνεται·
878 246 950 308 ὥστε

148 337 362 414 ἐκμεμαθήκασι
375 337 503 414 μάλιστα
515 341 567 416 μὲν
580 342 607 398 οἱ
620 339 755 416 περίοικοι
768 335 858 397 αύτιῖν
866 342 951 396 Βοιω-

146 426 194 485 τοὶ
209 427 255 485 καὶ
268 427 428 496 Χαλκιδέες,
442 427 516 506 τάχα
531 427 561 487 δέ
577 454 619 490 τις
632 427 678 485 καὶ
691 425 781 488 άλλος
794 423 949 502 ἐκμαθήσε-

146 539 196 573 ται
215 514 354 592 άμαρτάν.
382 515 444 575 ε’πεί
454 541 485 574 τε
499 516 528 574 δὲ
542 519 632 575 ε’κεῖνα
645 513 814 591 ποιήσαντες
827 511 950 592 ἡμάρτο-

145 629 208 679 μεν,
231 607 280 662 νῦν
302 602 495 680 πειρησόμεθά
518 610 611 680 σφεας
634 603 692 680 ἅμα
719 601 783 679 ύμῖν
805 601 951 678 άκεόμενοι

145 692 295 751 τίσασθαι·
316 691 402 751 αύτοΰ
423 691 479 773 γάρ
502 691 606 752 τούτου
627 693 728 752 εἶνεκεν
749 691 828 750 τόνδε
849 716 880 749 τε
900 689 950 750 τάν

144 777 261 855 Ἱππίην
272 779 519 858 μετεπεμψάμεθα,
534 781 580 839 καὶ
595 781 681 857 ύμέας
694 779 750 839 α’πά
766 783 821 838 τῶν
833 778 948 850 πολίων,

146 867 192 926 ἶνα
206 873 288 948 κοινῷ
300 895 331 929 τε
344 869 421 950 λόγῳ
436 869 481 927 καὶ
495 873 575 948 κοινῷ
588 869 684 949 στόλῳ
698 867 884 949 ἐσαγαγόντες
902 865 948 925 αύ-

144 955 197 1015 τὸν
210 961 238 1020 ές
251 957 301 1020 τάς
314 956 435 1033 Ἀθήνας
447 957 594 1034 ἀποδῶμεν
607 958 643 1016 τά
657 956 703 1015 καὶ
716 953 916 1033 άπειλόμεθα.”

189 1048 226 1104 Οἱ
238 1049 291 1122 μὲν
303 1050 391 1105 ταῦτα
404 1047 511 1127 ἔλεγον·
532 1049 587 1106 τῶν
600 1047 630 1105 δὲ
643 1044 801 1122 συμμάχων
820 1042 853 1102 τά
874 1045 946 1118 πλῆ-
958 1043 996 1102 92

146 1133 196 1196 θος
214 1133 264 1193 ούκ
281 1133 417 1194 ἐνεδέκετο
439 1132 504 1196 τούς
525 1133 637 1214 λόγους.
680 1136 706 1192 οἶ
724 1133 777 1208 μέν
797 1157 845 1190 νυν
861 1129 947 1189 ἄλλοι

146 1219 269 1300 ἡσυχίην
281 1221 360 1302 ἦγον,
375 1221 523 1300 Κορίνθιος
536 1223 565 1280 δὲ
580 1221 741 1296 Σωσικλέης
756 1219 832 1289 ἔλεξε
845 1217 919 1278 τάδε.

133 1369 137 1379 ,
188 1309 253 1368 “Ἠ
267 1310 301 1386 δή
315 1309 375 1370 ὅτε
391 1308 505 1387 ούρανδς
519 1311 599 1369 ἔσται
612 1310 703 1387 ἔνερθε
716 1313 766 1384 τῆς
786 1312 839 1388 γῆς
860 1307 905 1365 καὶ
926 1305 946 1383 ἠ

145 1400 185 1477 γῆ
204 1400 341 1476 μετέωρος
354 1397 423 1476 ύπέρ
437 1402 487 1458 τοῦ
501 1397 626 1475 ούρανοῦ,
642 1398 689 1456 καὶ
703 1400 729 1455 οἱ
743 1394 882 1473 άνθρωποι
903 1421 947 1455 νο-

145 1486 201 1560 μόν
214 1491 244 1546 ε’ν
257 1486 393 1564 θαλάσση
407 1487 502 1556 ἕξουσι
521 1487 567 1545 καὶ
586 1489 612 1545 οἱ
632 1485 724 1565 ἰχθύες
743 1483 947 1562 τάνπρότερον

147 1571 296 1650 ἅνθρωποι,
318 1574 364 1634 ὅτε
385 1600 418 1655 γε
439 1574 524 1650 ύμεῖς,
548 1572 569 1633 ὦ
588 1573 810 1652 Λακεδαιμόνιοι,
835 1575 947 1649 ἰσοκρα-

145 1663 206 1725 τίας
224 1662 408 1728 καταλύοντες
426 1663 588 1740 τυραννίδας
606 1669 633 1725 ἒς
650 1662 699 1726 τάς
714 1661 797 1724 πόλις
816 1659 946 1741 κατάγειν

146 1750 403 1826 παρασκευάζεσθε·
430 1755 480 1810 τοῦ
505 1750 568 1810 οὔτε
591 1750 754 1828 άδικιύτερον
777 1748 856 1809 οὐδέν
882 1754 944 1808 ἔστι

147 1837 206 1898 κατ’
227 1837 389 1916 ἀνθρώπους
415 1838 477 1899 οὔτε
505 1839 733 1917 μιαιφονώτερον.
776 1843 800 1897 εἱ
826 1837 882 1919 γάρ
910 1836 944 1912 δή

146 1927 230 1987 τοῦτό
250 1953 283 2008 γε
306 1926 394 1987 δοκέει
414 1927 480 2005 ύμῖν
501 1927 569 1987 εἶναι
590 1926 724 2007 χρηστόν,
749 1927 820 1986 ὥστε
847 1951 943 2002 τυραν-

146 2014 275 2074 νεύεσθαι
295 2016 345 2079 τάς
365 2016 456 2085 πόλις,
478 2015 558 2076 αύτοὶ
579 2020 684 2092 πράττοι
704 2016 837 2092 τύραννον
861 2039 942 2072 κατα-

146 2103 321 2180 στησάμενοι
344 2105 421 2181 παρά
444 2106 532 2182 σφίσι
555 2104 674 2174 αύτοῖσι,
698 2104 768 2163 οὕτω
795 2103 841 2161 καὶ
866 2105 943 2162 τοῖσι

146 2191 264 2252 άλλοισι
282 2193 396 2270 δίζησθε
418 2193 590 2254 κατιστάναι·
611 2197 659 2253 νῦν
680 2193 717 2261 δὲ,
737 2192 815 2252 αὐτοὶ
836 2190 946 2268 άπειροι

146 2281 237 2345 ε’άντες
254 2281 399 2359 τυράννων,
414 2283 459 2341 καὶ
481 2282 679 2358 φυλάσσοντες
696 2281 839 2340 δεινότατα
858 2283 942 2340 τοῦτο

146 2374 175 2430 έν
195 2374 232 2450 τῇ
254 2371 370 2450 Σπάρτῃ
392 2371 433 2447 μη
455 2372 595 2452 γενέσθαι,
620 2371 805 2449 παραχρᾶσθε
830 2374 857 2432 ἐς
879 2368 944 2432 τούς

145 2459 322 2538 συμμάχους.
364 2464 388 2519 εί
412 2459 442 2518 δὲ
467 2459 546 2518 αύτοὶ
576 2461 701 2536 ἔμπειροι
730 2459 791 2517 ἔατε
822 2457 944 2534 κατάπερ

144 2547 233 2624 ἡμεῖς,
248 2549 335 2626 εἴχετε
353 2546 388 2607 ἂν
405 2549 469 2624 περὶ
486 2547 570 2607 αὐτοῦ
588 2547 699 2628 γνάμας
712 2546 859 2623 άμείνονας
872 2571 944 2622 συμ-

143 2637 310 2712 βάλλεσθαι
330 2636 402 2714 ἢπερ
422 2641 479 2696 νῦν.

186 2727 434 2788 ΚΟΡΙΝΘΙΟΙΣΙ
454 2725 509 2806 γάρ
525 2723 561 2800 ἦν
580 2723 680 2788 πόλιος
701 2722 874 2785 κατάστασις
889 2747 945 2782 τοι·

144 2813 203 2890 ήδε·
224 2811 259 2890 ἦν
272 2813 430 2895 ὀλιγαρχίη,
445 2813 490 2871 καὶ
511 2809 588 2872 οὗτοι
602 2811 757 2891 Βακχιάδαι
778 2809 944 2886 καλεόμενοι

145 2903 242 2977 ἔνεμον
254 2901 306 2977 την
319 2902 412 2961 πόλιν·
434 2901 562 2960 ἐδίδοσαν
582 2901 612 2960 δὲ
629 2901 674 2959 καὶ
694 2899 797 2980 ἤγοντο
811 2898 842 2968 ἐξ
855 2896 944 2973 άλλή·

145 2993 211 3049 λων.
252 2989 386 3066 Ἀμφίονι
406 2989 444 3060 δὲ,
459 2989 531 3049 ε’όντι
550 2988 655 3048 τούτων
674 2990 729 3047 τῶν
745 2986 858 3062 ἀνδρῶν,
872 2985 943 3066 γίνε-

142 3104 190 3138 ται
204 3077 327 3159 θυγάτηρ
340 3077 428 3156 χωλή·
450 3075 555 3154 οὕνομα
568 3075 599 3134 δέ
612 3079 638 3134 οἱ
650 3074 685 3148 ἦν
699 3073 810 3146 Λάβδα·
832 3072 942 3144 ταύτην,

143 3165 323 3246 Βακχιαδέων
341 3165 396 3246 γάρ
413 3164 502 3226 οὐδεὶς
521 3163 606 3238 ἤθελε
627 3165 723 3240 γῆμαι,
739 3159 815 3232 ἴσχει
827 3157 943 3212 Ἠετίων

142 3253 158 3314 ά
172 3253 364 3334 Ἐχεκράτεος,
378 3251 468 3330 δήμου
485 3253 536 3327 μὲν
551 3249 594 3329 [ἐκ
608 3242 730 3319 Πέτρης]
744 3241 802 3310 ‘’⁰3¹‘’
817 3238 894 3340 ‘3⁷59‘
908 3237 944 3294 Τὰ

142 3342 278 3403 άνέκαθεν
293 3341 421 3415 Λαπίθης
434 3364 465 3397 τε
480 3338 526 3394 καὶ
540 3331 695 3401 Καινείδης·
717 3331 746 3381 εἰι
761 3324 791 3380 δέ
805 3325 832 3376 οἱ
843 3343 944 3389 ταύτῃς
