2282 3550
167 147 276 210 33-37]
494 147 648 194 οιιιικικ.
920 145 968 192 233

167 223 243 286 οὗτοι
271 224 396 303 ἐπέσχον
411 227 470 299 τής
496 224 626 296 Φωκῶος,
653 223 745 283 πάντα
773 221 967 299 ἐσιναμώρεον·

167 315 212 372 καὶ
232 313 289 393 γάρ
309 316 365 372 τῶν
385 313 538 372 Πανοπέων
560 310 613 388 τήν
632 311 716 372 πόλιν
737 313 902 389 ἐνέπρησαν,
923 311 969 369 καὶ

167 401 305 474 Δαυλίων,
341 401 387 459 καὶ
422 401 581 460 Αἰολιδέων.
625 399 788 476 ἐπορεύοντο
822 400 852 458 δὲ
882 398 969 478 ταύτῃ

166 488 390 568 α’ποσχισθέντες
416 492 466 565 τῆς
492 487 584 565 άλλης
605 493 739 565 στρατιῆς
762 489 846 548 τῶνδε
871 488 969 558 εἵνεκα,

166 576 234 642 ὅκως
255 577 432 653 συλήσαντες
449 576 482 636 τό
505 577 565 653 ἱρόν
580 575 614 638 τδ
630 581 660 636 ἐν
678 580 832 652 Δελφοῖσι,
848 576 970 652 βασιλέϊ

166 667 257 746 Ξέρξη
269 665 432 734 α’ποδέξαιεν
449 665 485 724 τὰ
498 664 640 743 χρήματα.
682 664 772 724 πάντα
791 665 814 723 δ’
827 665 969 741 ἠπίστατο

165 754 200 812 τά
222 760 252 814 ἐν
271 759 310 833 τῷ
333 757 381 832 ἱρῷ
397 752 454 814 ὅσα
471 752 561 834 λόγου
577 751 612 828 ἦν
630 751 695 823 ἄξια
717 753 830 830 Ξέρξης,
855 752 889 815 ῶς
914 752 967 834 ἐγῶ

165 842 347 918 πυνθάνομαι,
375 839 486 917 ἄμεινον
506 839 524 916 ἢ
545 841 580 900 τά
601 847 630 900 ἐν
650 845 726 900 τοῖσι
748 843 861 900 οἰκίοισι
881 841 968 909 ἔλιπε,

166 933 283 990 πολλῶν
295 930 348 988 αἰεὶ
362 928 508 1008 λεγόντων,
524 930 569 987 καὶ
582 928 711 1004 μάλιστα
728 929 764 988 τά
779 930 906 1005 Κροίσου
918 933 967 987 τοῦ

165 1015 324 1076 Ἀλυάττεω
338 1015 509 1092 ἀναθήματα,
547 1021 583 1076 Οἱ
598 1018 710 1092 Δελφοὶ
725 1018 754 1076 δέ
767 1015 1015 1093 πυνθανόμενοι36

166 1109 262 1175 ταῦτα,
289 1111 316 1168 ἐς
336 1109 433 1164 πᾶσαν
453 1104 589 1182 ἀρρωδίην
610 1104 738 1164 άπίκατο·
760 1110 790 1164 ἐν
811 1105 918 1180 δείματι
938 1105 968 1163 δὲ

166 1193 280 1274 μεγάλῳ
308 1197 499 1263 κατεστεῶτες,
528 1193 710 1270 ἐμαντεύοντο
725 1195 798 1271 περὶ
823 1197 877 1252 τῶν
905 1195 970 1270 ἱρῶν

166 1281 323 1358 χρημάτων,
352 1282 405 1340 εἶτε
434 1283 512 1356 σφέα
540 1281 611 1341 κατά
636 1287 689 1363 γῆς
716 1281 889 1360 κατορύξωσι
916 1281 970 1341 εἴτε

168 1371 338 1446 ἐκκομίσωσι
355 1375 382 1432 ἐς
401 1369 494 1446 άλλην
516 1370 621 1449 χῶρην;
643 1370 660 1430 o‘
682 1371 711 1430 δὲ
730 1370 792 1434 θεός
808 1377 900 1446 σφεας
918 1369 968 1430 ούκ

167 1457 198 1514 ἐα
212 1459 317 1530 κινέειν,
333 1457 390 1532 φάς
408 1455 490 1520 αύτός
509 1458 601 1520 ἱκανός
623 1457 692 1518 εἶναι
711 1462 765 1519 τῶν
783 1463 883 1518 ἐωυτοῦ
900 1485 968 1536 προ-

167 1546 315 1620 κατῆσθαι.
358 1547 470 1620 Δελφοὶ
497 1546 526 1605 δὲ
552 1550 640 1606 ταῦτα
667 1546 843 1617 ἀκούσαντες,
872 1549 969 1624 σφέων

167 1632 256 1693 αύτῶν
267 1635 332 1711 πέρι
346 1633 516 1711 ἐφρόντιζον.
558 1634 640 1694 τέκνα
653 1636 704 1712 μέν
718 1662 766 1695 νυν
780 1637 825 1694 καὶ
838 1639 970 1716 γυναῖκας

166 1721 253 1798 πέρην
269 1727 297 1785 ἐς
314 1722 365 1797 τήν
384 1721 513 1800 Ἀχαιίην
530 1723 695 1801 διέπεμψαν·
716 1724 805 1783 αὐτῶν
825 1724 854 1782 δέ
876 1726 902 1782 οί
916 1725 970 1799 μὲν

167 1813 298 1883 πλεῖστοι
311 1809 456 1886 ἀνέβησαν
470 1816 497 1872 ἐς
515 1815 564 1869 τοῦ
579 1815 754 1887 Παριησσοῦ
768 1811 818 1874 τὰς
831 1810 969 1886 κορυφάς,

168 1899 213 1956 καὶ
234 1903 261 1961 ἐς
280 1899 313 1957 τό
336 1898 479 1975 Κωρύκιον
499 1897 599 1976 ἄντρον
619 1895 806 1974 α’νηιείκαντο·
845 1901 872 1958 οἱ
892 1898 921 1957 δὲ
942 1903 970 1960 ἐς

163 1975 333 2062 Ἄμφισσαν
345 1987 396 2062 τήν
409 1987 532 2063 Λοκρίδα
546 1987 714 2062 ὑπεξῆλθον·
735 1987 836 2050 πάντες
850 1987 879 2046 δὲ
893 1984 929 2046 ῶν
943 1989 970 2046 οἱ

168 2075 279 2150 Δελφοὶ
300 2075 427 2143 ἐξέλιπον
443 2074 495 2150 τήν
515 2075 607 2145 πόλιν,
622 2075 699 2150 πλήν
719 2075 851 2151 ἐξήκοντα
864 2074 969 2152 α’νδρῶν

167 2163 212 2219 καὶ
237 2166 287 2221 τοῦ
314 2162 473 2239 προφήτεω.
515 2163 594 2222 Ἐπεὶ
618 2163 647 2222 δέ
674 2162 764 2244 α’γχοΰ
790 2189 822 2222 τε
844 2161 919 2240 ἦσαν
943 2161 1014 2226 οί3ῗ

166 2249 312 2328 βάρβαροι
326 2251 447 2314 ἐπιόντες
461 2252 507 2309 καὶ
524 2250 650 2328 άπῶρεον
668 2252 702 2311 τό
722 2251 789 2328 ἱρόν,
804 2257 833 2312 ἐν
851 2253 939 2334 τούτῳ
953 2253 969 2314 ό

166 2337 321 2414 προφήτης,
343 2343 381 2417 τῷ
401 2337 506 2415 οὕνομα
526 2337 561 2414 ἦν
580 2339 744 2417 Ἀκήρατος,
771 2339 823 2420 ὁρᾷ
844 2341 898 2418 πρό
918 2345 969 2402 τοῦ

166 2431 232 2502 νηοῦ
247 2427 323 2486 ὅπλα
336 2427 503 2504 προκείμενα
517 2429 620 2488 ἔσωθεν
634 2434 664 2486 ἐκ
677 2433 727 2488 τοῦ
740 2429 865 2510 μεγάρου
880 2431 968 2512 ἐξενη-

167 2514 296 2595 νειγμένα
310 2515 364 2591 ἱριὶ,
378 2519 433 2574 τῶν
447 2513 497 2574 ούκ
515 2514 597 2574 ὅσιον
611 2515 646 2590 ἦν
664 2515 804 2576 ἅπτεσθαι
818 2517 970 2594 α’νθρῶπων

155 2602 264 2662 οὐδενί·
286 2602 367 2679 ὁμὲν
380 2602 414 2678 δή
432 2601 476 2678 ήῖε
490 2608 612 2678 Δελφῶν
627 2609 704 2664 τοῖσι
722 2610 860 2681 παρεοῦσι
877 2630 969 2680 σημα-

166 2691 232 2751 νέων
244 2690 278 2750 τό
292 2691 382 2766 τέρας·
404 2694 431 2750 οἱ
445 2691 474 2750 δέ
490 2691 635 2768 βάρβαροι
652 2693 747 2768 ἐπειδή
760 2694 884 2774 ἐγίνοντο
899 2697 969 2750 ἐπει-

166 2778 279 2858 γόμενοι
306 2779 376 2838 κατά
406 2779 439 2839 τό
472 2779 532 2856 ἱρόν
562 2786 611 2856 τῆς
644 2782 786 2857 Προνηίης
811 2779 969 2855 Ἀθηναίης,

172 2869 320 2948 ῗπιγίνεταί
331 2875 388 2944 σφι
400 2868 481 2945 τέρεα
494 2869 534 2927 ἐτι
550 2871 653 2945 μέζονα
671 2873 723 2928 τοῦ
740 2869 806 2945 πρὶν
819 2869 969 2948 γενομένου

167 2957 267 3032 τέρεος·
289 2957 370 3032 θῶμα
384 2959 437 3032 μὲν
452 2956 507 3036 γάρ
527 2958 572 3015 καὶ
590 2961 673 3017 τοῦτο
696 2957 783 3033 κάρτα
804 2956 874 3025 ἐστὶ,
893 2954 969 3016 ὅπλα

165 3043 249 3120 α’,οήῖα
265 3044 409 3120 αὐτόματα
428 3049 551 3121 φανῆναι
571 3045 621 3114 ἔξω
639 3045 807 3121 προκείμενα
823 3047 873 3104 τοῦ
892 3047 969 3119 νηοῦ·

165 3131 200 3191 τά
221 3132 251 3192 δέ
273 3131 307 3208 δή
330 3134 375 3191 ἐπὶ
394 3132 483 3210 τούτῳ
509 3132 622 3207 δεύτερα
650 3130 830 3210 ἐπιγενόμενα
858 3131 903 3188 καὶ
924 3131 971 3188 διά

165 3220 275 3281 πάντων
299 3220 457 3298 φασμάτων
479 3219 542 3288 άξια
563 3217 710 3292 θωυμάσαι
730 3217 867 3291 μάλιστα.
910 3217 970 3274 ἐπεὶ

824 3302 890 3325 &uk
942 3307 955 3322 Α

164 3308 219 3387 γάρ
233 3308 268 3385 δή
281 3307 357 3384 ἦσαν
371 3305 494 3368 ἐπιόντες
509 3309 535 3364 οἶ
548 3305 696 3380 βάρβαροι
709 3301 780 3364 κατὰ
799 3329 832 3363 το
848 3328 907 3380 ιρον
920 3328 970 3377 της
