2250 3552
185 145 232 195 τοο
490 145 671 194 Ἠνοιουοτ
921 145 986 211 [IX.

185 225 272 301 φέρον
300 223 334 286 τά
363 228 522 301 Τισαμενοῦ
548 223 690 301 μαντήϊον,
718 226 812 305 μισθῷ
838 229 987 304 ἐπειρῶντο

184 317 330 374 πείσαντες
357 312 514 388 Τισαμενὸν
534 314 680 373 ποιέεσθαι
701 314 759 391 ἅμα
782 314 988 391 Ἡρακλειδέων

184 404 260 460 τοῖσι
277 399 437 476 βασιλεῦσι
454 400 578 481 ἡγεμόνα
594 406 648 461 τῶν
666 404 806 478 πολέμων·
828 403 887 463 ὅδὲ
900 403 989 481 άρέων

185 489 248 563 περὶ
268 492 380 547 πολλοῦ
405 490 582 566 ποιευμένους
603 490 779 567 Σπαρτιήτας
798 493 884 568 φίλον
902 491 989 553 αύτδν

185 577 370 653 προσθέσθαι,
391 577 488 657 μαθῶν
508 583 592 639 τοῦτο
612 578 735 656 άνετίμα,
757 580 900 656 σημαίνων
920 587 988 657 σφι,

185 664 221 728 ῶς
232 663 267 741 ἧν
279 692 327 742 μιν
343 665 482 743 πολιήτην
500 668 638 745 σφέτερον
656 667 827 743 ποιήσωνται
844 672 898 729 τῶν
918 669 988 729 πάν-

185 779 239 813 των
259 754 457 831 μεταδιδόντες,
480 755 593 830 ποιήσει
613 760 709 816 ταῦτα·
732 755 773 815 ἐπ’
793 755 873 836 άλλῳ
892 759 989 836 μισθῷ

202 841 209 861 ’
231 843 272 902 ού·
294 845 467 921 Σπαρτιῆται
489 843 526 912 δὲ,
545 848 642 921 πρῶτα
660 847 711 921 μὲν
727 844 894 908 ἀκούσαντες
912 846 988 906 δεινῶ

188 936 336 1003 ἐποιεῦντο,
351 933 396 991 καὶ
409 934 542 1009 μετίεσαν
560 937 610 1009 τῆς
627 933 828 1012 χρησμοσύνης
845 934 878 994 τά
898 933 989 1012 παρά-

187 1047 252 1080 παν·
272 1022 354 1084 τέλος
367 1020 405 1089 δὲ,
419 1021 547 1097 δείματος
562 1021 689 1102 μεγάλου
707 1023 925 1099 ἐπικρεμαμένου
937 1027 989 1082 τοῦ

188 1113 331 1186 Περσικοῦ
344 1109 443 1169 τούτου
457 1110 672 1186 στρατεύματος,
685 1111 827 1169 καταίνεον
838 1109 989 1187 μετιόντες·

187 1197 204 1258 ά
222 1198 252 1257 δὲ
269 1197 351 1280 γνοῦς
366 1199 570 1274 τετραμμένους
590 1199 690 1273 σφέας,
712 1197 766 1257 οῦδ
786 1197 857 1258 οὕτω
876 1200 930 1274 ἔφη
948 1201 990 1259 ἔτι

187 1285 337 1363 ἀρκέεσθαι
351 1286 477 1346 τούτοισι
495 1285 633 1363 μούνοισι,
647 1285 724 1344 άλλά
743 1286 800 1346 δεῖν
818 1287 858 1346 ἔτι
877 1288 921 1345 καὶ
939 1287 990 1347 τῶν

188 1373 327 1450 άδελφεδν
352 1378 452 1434 ἑωυτοῦ
474 1374 576 1455 Ἡγίην
597 1375 725 1456 γίνεσθαι
745 1374 922 1451 Σπαρτιήτην
943 1377 991 1436 ἐπὶ

187 1465 264 1522 τοῖσι
291 1463 402 1523 αύτοῖσι
433 1464 548 1543 λόγοισι
579 1467 656 1523 τοῖσι
686 1463 731 1521 καὶ
760 1462 843 1527 αύτδς
875 1464 990 1545 γίνεται.

141 1553 179 1610 34
189 1554 282 1610 Ταῦτα
310 1551 339 1610 δὲ
363 1552 452 1632 λέγων
480 1551 559 1615 οὗτος
587 1553 713 1629 ε’μιμέετο
741 1552 928 1628 Μελάμποδα,
954 1553 991 1618 ῶς

190 1637 298 1698 εἰκάσαι
311 1640 468 1716 βασιληίην
481 1667 511 1700 τε
526 1641 571 1698 καὶ
585 1641 741 1716 πολιτηίην,
757 1639 922 1716 αἶτεόμενος·
944 1643 992 1700 καὶ

189 1726 243 1809 γάρ
271 1727 304 1804 δὴ
334 1729 379 1786 καὶ
403 1729 586 1805 Μελάμπους,
611 1733 665 1788 τῶν
689 1734 717 1788 ε’ν
735 1726 835 1808 Ἀργεϊ
856 1733 991 1810 γυναικῶν

189 1818 350 1894 μανεισέων,
366 1816 400 1880 ῶς
414 1842 462 1893 μιν
480 1821 506 1876 οἱ
523 1815 646 1898 Ἀργεῖοι
665 1817 832 1893 ε’μισθοῦντο
849 1823 878 1876 ε’κ
893 1817 990 1877 Πύλου

190 1910 298 1966 παῦσαι
316 1905 366 1968 τάς
382 1907 521 1981 σφετέρας
543 1909 673 1986 γυναῖκας
690 1909 740 1981 τῆς
757 1905 867 1975 νούσου,
888 1906 992 1981 μισθῶν

191 1996 367 2072 προετείνατο
384 1999 434 2070 τῆς
454 1995 609 2070 βασιληίης
628 1994 661 2052 τά
682 1993 782 2070 ἥμισυ·
805 1992 855 2053 οῦκ
870 1993 1015 2074 άνασχσ·

191 2083 279 2159 μένων
293 2082 321 2141 δὲ
338 2087 392 2142 τῶν
405 2082 537 2162 Ἀργείων
553 2081 618 2140 ἀλλ’
637 2081 781 2152 α’πιάντων,
797 2081 832 2146 ῶς
848 2083 993 2159 ε’μαίνοντο

190 2173 291 2249 πολλῶ
310 2175 427 2233 πλεῦνες
447 2173 502 2229 τῶν
521 2175 665 2250 γυναικῶν,
683 2168 753 2229 οῦτω
770 2169 803 2246 δή
821 2169 994 2236 ῦποστάντες

126 2277 130 2282 ’
190 2256 226 2317 τά
253 2257 269 2316 ά
296 2257 471 2333 Μελάμπους
495 2259 675 2334 προετείνετο,
699 2257 784 2333 ἤϊσαν
809 2258 944 2321 δῶσοντές
965 2263 993 2319 οἷ

191 2349 287 2404 ταῦτα·
309 2343 325 2403 ά
348 2346 377 2403 δὲ
399 2348 516 2406 ε’νθαῦτα
538 2347 572 2422 δή
597 2347 765 2428 ἐπορέγεται,
787 2347 871 2424 ὁρέων
895 2345 995 2410 αύτοῦς

192 2435 403 2510 τετραμμένους,
425 2435 488 2509 φάς,
512 2433 546 2510 ἢν
566 2435 606 2513 μή
628 2435 673 2493 καὶ
693 2439 732 2514 τῷ
752 2434 881 2513 ἀδελφεῷ
897 2436 995 2496 Βίαντι

191 2522 332 2599 μεταδῶσι
344 2520 378 2581 τά
391 2523 569 2599 τριτημόριον
583 2528 632 2598 τῆς
644 2524 808 2600 βασιληίης,
821 2522 853 2582 ού
866 2523 996 2598 ποιήσειν

192 2609 228 2670 τά
245 2609 408 2686 βούλονται·
430 2613 457 2669 οἱ
475 2611 504 2670 δὲ
517 2611 648 2693 Ἀργεῖοι,
667 2611 862 2686 ἀπειληθέντες
880 2615 908 2674 ές
921 2637 996 2671 στει-

147 2704 184 2760 35
193 2699 248 2766 νῦν,
264 2700 439 2760 καταινέουσι
453 2701 499 2758 καὶ
512 2705 605 2759 ταῦτα.
648 2699 697 2762 Ὡς
710 2700 739 2759 δὲ
754 2700 799 2758 καὶ
814 2701 995 2776 Σπαρτιῆται,

194 2786 301 2847 ε’δέοντο
317 2785 372 2868 γάρ
391 2787 482 2850 δεινῶς
498 2792 548 2847 τοῦ
566 2793 735 2865 Τισαμενοῦ,
750 2786 857 2850 πάντως
875 2787 996 2866 συνεχῶ·

192 2874 256 2951 ρεόν
271 2877 306 2934 οἶ·
328 2875 570 2956 συγχωρησάντων
583 2877 612 2934 δὲ
627 2878 671 2934 καὶ
685 2879 772 2935 ταῦτα
788 2880 843 2935 τῶν
857 2875 997 2952 Σπαρτιη-

194 2962 271 3031 τέων,
286 2961 355 3021 οῦτω
370 2963 403 3038 δή
417 2963 499 3022 πέντε
518 2969 573 3038 σφι
591 2964 793 3040 μαντευόμενος
812 2962 920 3044 α’γῶνας
932 2963 999 3027 τοῦς

193 3049 343 3127 μεγίστους
356 3049 512 3126 Τισαμενδς
526 3050 541 3110 ὁ
556 3050 678 3122 Ἠλεῖος,
692 3052 840 3132 γενόμενος
857 3052 998 3128 Σπαρτιή-

192 3158 249 3208 της,
269 3138 470 3215 συγκαταιρέει·
491 3141 590 3212 μοῦνοι
611 3137 640 3195 δὲ
661 3138 695 3213 δή
716 3138 826 3200 πάντων
846 3137 999 3215 ἀνθρώπων

194 3219 319 3296 έγένοντο
336 3219 413 3280 οῦτοι
430 3224 624 3302 Σπαρτιήτῃσι
640 3229 780 3301 πολιῆται.
823 3230 849 3286 οἱ
867 3226 897 3284 δὲ
915 3226 999 3285 πέντε

193 3302 296 3381 ἀγῶνες
311 3307 369 3364 οἵδε
391 3309 527 3385 ἐγένοντο·
550 3311 588 3370 εἷς
606 3314 658 3386 μὲν
677 3315 723 3370 καὶ
740 3317 858 3385 πρῶτος,
881 3311 963 3376 οὗτος
982 3313 998 3372 ῶ
