2282 3550
183 141 230 188 ιω
489 139 673 188 Ἥνοιοτοι
900 140 978 207 [vn.

134 219 188 278 165
218 220 337 301 Λέγεται
347 218 377 280 δὲ
391 218 436 278 καὶ
449 217 515 278 τάδε
525 218 579 278 find
590 222 645 277 τῶν
655 223 684 278 ἑν
695 219 809 299 Σικελίῃ
819 221 979 298 οἰκημένων,

179 307 214 371 άς
228 307 301 384 ὅμως
319 309 364 367 καὶ
380 308 494 384 μέλλων
506 306 645 386 ἄρχεσθαι
658 306 713 366 ῦπὸ
727 307 951 384 Λακεδαιμονίων
965 310 980 370 ὁ

179 398 273 457 Γέλων
287 396 430 473 ἐβοήθησε
444 394 478 455 ἂν
490 400 566 455 τοῖσι
573 395 709 470 Ἕλλησι,
724 399 748 454 εἶ
761 395 801 472 μή
815 396 869 455 ύπὸ
885 397 980 474 Θήρω-

177 512 224 549 νος
241 490 291 546 τοῦ
309 484 500 561 Αἰνησιδήμου
516 483 737 564 Ἀκραγαντίνων
752 484 912 563 μουνάρχου
926 487 982 555 ε’ξε-

178 575 295 637 λασθεὶς
313 575 343 644 ἐξ
358 573 468 649 Ἱμέρης
485 572 626 648 Τήριλλος
638 571 654 630 ὁ
668 571 835 648 Κρινίππου,
850 572 982 649 τύραννος

178 661 229 722 ἑαλν
252 662 371 740 Ἱμέρης,
396 666 483 742 ε’πήγε
504 659 550 720 ὑπ’
573 659 657 720 αὐτόν
679 660 728 720 τόν
755 659 857 739 χρόνον
882 665 983 722 τοῦτον

178 752 310 811 Φοινίκων
332 751 377 810 καὶ
398 749 512 820 Λιβύων
533 749 578 808 καὶ
597 747 717 825 Ἰβήρων
738 749 784 807 καὶ
804 748 914 830 Λιγύων
935 751 982 809 καὶ

177 838 333 900 Ἐλισύκων
357 839 403 898 καὶ
428 838 583 914 Σαρδονίων
607 837 653 896 καὶ
680 837 807 913 Κυρνίων
832 836 982 912 τριήκοντα

176 929 319 1005 μυριάδας,
334 929 379 986 καὶ
392 925 553 1005 στρατηγόν
566 925 655 986 αύτιῦν
667 924 807 1001 Ἀμίλκαν
819 923 868 984 τόν
876 924 981 986 Ἀννω-

178 1041 224 1079 νος
248 1016 446 1096 Καρχηδονίων
470 1015 550 1074 ἐόντα
570 1014 707 1090 βασιλέα·
737 1012 807 1072 κατά
828 1013 929 1089 ξεινίην
949 1041 981 1074 τε

177 1105 229 1180 τήν
242 1108 342 1164 ἑωυτοῦ
358 1103 373 1164 ό
392 1103 533 1180 Τήριλλος
548 1102 719 1183 ἀναγνώσας,
734 1103 780 1162 καὶ
792 1101 920 1178 μάλιστα
933 1102 980 1161 διὰ

176 1193 228 1268 τήν
243 1193 395 1262 Ἀναξίλεω
413 1195 463 1251 τοῦ
482 1192 625 1268 Κρητίνεω
640 1192 805 1267 προθυμίην,
820 1189 850 1252 ῦς
865 1189 980 1271 Ῥηγίου
1039 1215 1048 1229 ·

177 1282 228 1342 εἰῦν
241 1281 379 1359 τύραννος,
391 1281 427 1340 τά
440 1283 541 1339 ἑωυτοῦ
553 1281 637 1339 τέκνα
648 1279 711 1342 δοῦς
723 1279 844 1356 ὁμήρους
855 1277 980 1358 Ἀμίλκᾳ

177 1372 266 1450 ἑπῆγέ
284 1396 332 1447 μιν
349 1371 394 1428 ε’πὶ
410 1370 461 1444 τήν
478 1369 615 1443 Σικελίην,
631 1369 769 1444 τιμωρέων
788 1371 826 1446 τῷ
845 1369 978 1448 πενθερῷ·

177 1458 320 1534 Τηρίλλου
340 1457 395 1538 γάρ
415 1457 472 1536 εἶχε
489 1457 628 1538 θυγατέρα
642 1455 809 1526 Ἀναξίλεως
823 1460 858 1535 τῇ
873 1456 979 1534 οῦνομα

176 1544 211 1622 ἦν
225 1547 367 1621 Κυδίππη·
381 1544 451 1604 οὕτω
465 1545 499 1620 δή
514 1545 563 1604 ούκ
577 1543 636 1604 οἶόν
648 1570 679 1604 τε
688 1543 836 1625 γενόμενον
846 1546 979 1620 βοηθέειν

176 1633 226 1694 τόν
242 1636 355 1694 Γέλωνα
374 1637 449 1693 τοῖσι
463 1632 599 1710 Ἕλλησι,
614 1631 790 1710 ἀποπέμπειν
804 1637 830 1695 ές
845 1635 978 1709 Δελφούς

131 1725 187 1782 166
197 1723 231 1783 τά
244 1723 384 1802 χρήματα.
417 1722 496 1799 Πρός
509 1723 538 1782 δὲ
552 1724 598 1782 καὶ
610 1722 675 1782 τάδε
685 1723 810 1803 λέγουσι,
823 1720 858 1784 ῦς
867 1723 977 1799 συνέβη

176 1815 226 1888 τῆς
253 1811 337 1888 αὐτῆς
363 1811 467 1889 ήμέρης
494 1813 522 1871 ἑν
544 1838 576 1871 τε
598 1816 633 1889 τῇ
657 1811 771 1890 Σικελίῃ
794 1810 905 1869 Γέλωνα
930 1814 977 1871 καὶ

176 1899 293 1976 Θήρωνα
315 1904 393 1959 νικᾶν
418 1898 557 1975 Ἀμίλκαν
582 1899 631 1958 τόν
656 1899 856 1977 Καρχηδόνιον,
880 1899 925 1956 καὶ
947 1904 977 1958 έν

177 1989 316 2065 Σαλαμῖνι
328 1986 544 2063 τοῦςἝλληνας
556 1987 605 2046 τὸν
620 1988 745 2062 Πέρσην·
766 1985 815 2046 τόν
830 1985 859 2044 δὲ
876 1984 977 2062 Ἀμίλ·

176 2102 227 2136 καν
250 2075 443 2156 Καρχηδόνιον
466 2075 547 2134 ε’όντα
568 2074 638 2151 πρός
659 2074 763 2150 πατρός
784 2073 923 2150 μητρόθεν
946 2075 977 2134 δὲ

177 2165 375 2241 Συρηκούσιον,
402 2162 616 2240 βασιλεύσαντά
646 2189 677 2222 τε
704 2162 762 2222 κατ’
789 2161 977 2242 ἀνδραγαθίην

177 2252 382 2332 Καρχηδονίων,
411 2251 446 2314 ιῦς
471 2249 490 2326 ή
517 2250 655 2327 συμβολή
680 2277 711 2310 τε
738 2251 842 2331 ἑγίνετο
868 2251 914 2309 καὶ
941 2251 978 2316 ὦς

176 2343 297 2399 ἑσσοῦτο
318 2343 354 2418 τῇ
377 2338 463 2417 μάχῃ,
486 2338 677 2414 ἀφανισθῆναι
700 2339 883 2416 πυνθάνομαι·
912 2339 977 2401 οῦτε

175 2428 229 2508 γάρ
250 2429 337 2498 ζῶντα
358 2426 420 2486 ούτε
440 2426 617 2487 ἀποθανόντα
637 2432 759 2504 φανῆναι
779 2427 900 2504 ούδαμοῦ
912 2432 976 2508 γῆς·

130 2519 185 2576 167
195 2516 228 2576 τό
249 2520 305 2576 πᾶν
320 2516 375 2597 γάρ
396 2516 553 2586 ἐπεξελθεῖν
572 2516 715 2592 διζήμενον
731 2519 852 2576 Γέλωνα.
890 2515 977 2577 ΙἘστι
1002 2537 1005 2542 ’

176 2605 206 2664 δέ
225 2603 271 2665 ὕπ’
292 2603 380 2665 αύτιῦν
401 2604 600 2684 Καρχηδονίων
620 2603 666 2664 ὅδε
686 2603 702 2664 ά
722 2604 808 2685 λόγος
824 2603 978 2685 λεγόμενος

176 2693 260 2754 εἰκότι
273 2694 442 2773 χρεωμένων,
452 2691 486 2756 ὥς
500 2696 526 2752 οἱ
538 2695 590 2769 μὲν
603 2691 749 2770 βάρβαροι
762 2697 838 2752 τοῖσι
846 2691 976 2770 Ἕλλησι

177 2787 206 2842 έν
228 2785 264 2861 τῇ
288 2783 402 2861 Σικελίῃ
424 2780 561 2860 ἐμάχοντο
583 2781 614 2850 ἐξ
633 2780 701 2856 ήοῦς
722 2779 871 2858 άρξάμενοι
891 2781 977 2860 μέχρι

176 2870 269 2945 δείλης
294 2869 385 2946 ὀψίης·
406 2869 463 2948 (ἐπὶ
488 2873 610 2928 τοσοῦτο
635 2867 691 2950 γάρ
718 2869 830 2949 λέγεται
857 2868 977 2929 ἑλκύσαι

174 2957 226 3033 τήν
247 2957 409 3037 σύστασιν)
431 2956 447 3017 ό
469 2957 498 3016 δὲ
516 2956 653 3033 Ἀμίλκας
674 2961 703 3016 έν
724 2955 812 3036 τούτῳ
829 2960 867 3036 τῷ
884 2957 977 3038 χρόνῳ

174 3046 263 3121 μένων
284 3051 313 3105 ε’ν
336 3049 375 3124 τῷ
397 3046 575 3123 στρατοπέδῳ
597 3044 692 3104 ἐθύετο
715 3046 761 3104 καὶ
787 3047 975 3122 ε’κιιλλιρέετο,

175 3133 221 3191 ἐπὶ
234 3136 323 3210 πυρῆς
338 3132 464 3213 μεγάλης
481 3131 600 3209 σάματα
617 3132 673 3193 ὅλα
689 3133 850 3214 καταγίζων,
864 3133 928 3194 ίδιῦν
945 3134 977 3195 δὲ

174 3219 281 3296 τροπήν
295 3223 350 3279 τῶν
366 3223 465 3278 ἑωυτοῦ
482 3221 638 3300 γινομένην,
655 3219 691 3284 ὦς
706 3222 785 3300 ἔτυχε
802 3221 977 3282 ἐπισπένδων

173 3310 250 3366 τοῖσι
268 3310 362 3383 ἱροῖσι,
377 3306 433 3366 ὦσε
452 3307 552 3367 ἑωυτόν
569 3313 597 3372 ές
612 3309 644 3369 τό
660 3312 725 3388 πῦρ·
750 3308 821 3370 οὕτω
839 3309 873 3387 δή
893 3337 982 3379 κατω,
