2282 3550
144 159 286 226 ιιι-ιιι]
470 162 623 210 onum.
719 149 722 156 '
899 162 944 209 ιιι

146 239 222 317 παρά
234 236 290 321 γάρ
302 243 380 300 τοῖσι
392 236 570 318 βαρβάροισι
582 238 742 316 τιμιώτεροί
754 242 809 299 εἶσι
820 241 846 299 οἱ
857 237 947 300 εύνοΰ·

145 353 201 406 χοι,
215 329 326 391 πίστιος
340 329 429 388 εἵνεκα
442 331 492 402 τῆς
505 326 606 402 πάσης,
621 330 676 385 τῶν
686 328 824 405 ἐνορχίων·
841 327 948 391 ἄλλους

145 441 176 475 τε
194 415 229 491 δὴ
243 415 259 475 ό
273 417 426 479 Πανιώνιος
442 415 556 491 ἐξέταμε
573 413 706 483 πολλούς,
721 413 769 473 ἅτε
785 416 946 492 ποιεύμενος

146 506 177 561 ἐκ
188 502 288 562 τούτου
301 504 352 578 τὴν
365 503 439 580 ζόην,
455 503 501 562 καὶ
513 503 548 579 δὴ
562 503 608 562 καὶ
617 505 725 561 τοῦτον·
747 503 793 561 καὶ
804 502 836 562 ού
846 502 901 584 γάρ
911 503 947 562 τά

145 591 236 651 πάντα
258 591 407 672 ἐδυστύχεε
425 591 441 652 ό
461 590 638 668 Ἑρμότιμος,
662 589 819 651 ἀπικνέεται
843 596 872 650 ἐκ
893 596 947 652 τῶν

146 681 269 755 Σαρδίων
289 679 365 757 παρά
385 680 513 756 βασιλέα
531 677 590 756 μετ’
605 677 701 738 άλλων
719 678 820 755 δώρων·
844 679 947 758 χρόνου

145 767 175 826 δὲ
188 767 341 844 προϊόντος,
355 768 465 829 πάντων
478 772 533 828 τῶν
544 766 680 846 εὐνούχων
692 767 808 844 ἐτιμήθη
818 767 946 844 μάλιστα

145 853 221 929 παρά
243 855 345 935 Ξέρξη.
386 856 434 920 Ὡς
453 856 482 915 δέ
500 855 532 915 τά
552 854 713 932 στράτευμα
730 854 763 914 τό
783 855 993 932 Περσικάν106

145 941 218 1018 ὅρμα
238 943 254 1003 ά
274 945 414 1020 βασιλεύς
430 947 476 1003 ἐπὶ
491 943 541 1006 τὰς
556 942 678 1018 Ἀθήνας
698 943 748 1004 ἐιδν
771 948 799 1003 ἐν
821 943 946 1020 Σάρδισι,

146 1031 264 1090 ἐνθαῦτα
284 1033 411 1109 καταβάς
430 1031 500 1091 κατά
520 1031 554 1108 δη
572 1057 599 1090 τι
617 1035 734 1111 πρῆγμα
748 1030 764 1090 ό
777 1030 946 1109 Ἑρμότιμος

145 1123 172 1181 ἐς
184 1123 238 1199 γῆν
250 1119 302 1195 τὴν
313 1122 436 1196 Μυσίην,
448 1121 500 1196 τήν
510 1123 576 1179 Χῖοι
586 1122 637 1196 μέν
648 1121 785 1195 νέμονται,
800 1119 946 1197 Ἀταρνεύς

145 1206 174 1264 δὲ
190 1209 327 1278 καλέεται,
348 1209 470 1287 εύρίσκει
490 1208 540 1269 τόν
562 1208 715 1267 Πανιώνιον
740 1209 867 1268 ἐνθαῦτα·
889 1214 945 1268 ἐπι-

145 1294 227 1376 γνούς
253 1295 283 1356 δέ
308 1298 388 1378 ἔλεγε
414 1297 484 1374 πρός
511 1296 595 1356 αὐτόν
616 1295 741 1359 πολλούς
763 1297 809 1354 καὶ
833 1297 945 1372 φιλίους

144 1382 256 1466 λόγους,
284 1390 380 1462 πρώτα
406 1387 458 1462 μέν
483 1388 509 1445 οἱ
536 1385 697 1464 καταλέγων
723 1383 779 1443 ὅσα
806 1385 888 1448 αύτάς
911 1385 944 1446 δι’

145 1476 249 1532 ἐκεῖνον
275 1475 335 1552 ἔχοι
362 1473 464 1556 ἀγαθά,
486 1473 599 1550 δεύτερα
624 1472 654 1531 δέ
678 1476 704 1531 οἱ
725 1473 945 1553 ὑπισχνεύμενος

144 1557 205 1618 άντὶ
231 1560 335 1622 τούτων
358 1560 414 1622 ὅσα
439 1587 487 1638 μιν
512 1560 605 1641 άγαθά
627 1560 749 1635 ποιήσει,
771 1560 806 1637 ἢν
829 1563 944 1638 κομισά-

144 1674 226 1723 μενος
241 1649 306 1713 τούς
321 1651 428 1713 οἰκέτας
444 1651 519 1728 οἰκέῃ
538 1651 636 1727 ἐκείνῃ·
658 1649 730 1708 ὥστε
743 1649 946 1726 ύποδεξάμενον

145 1735 268 1813 ἅσμενον
290 1737 355 1802 τούς
381 1738 484 1819 λόγους
511 1737 559 1797 τόν
588 1736 750 1808 Πανιώνιον,
771 1739 887 1814 κομίσαι
909 1739 945 1798 τά

143 1826 227 1886 τέκνα
254 1827 301 1886 καὶ
326 1826 378 1902 τὴν
398 1830 525 1908 γυναῖκα·
557 1826 593 1889 ώς
615 1825 644 1884 δὲ
667 1824 721 1903 άρα
746 1827 874 1904 πανοικίῃ
898 1852 946 1903 μιν

145 1915 307 1991 περιέλαβε,
333 1917 411 1995 ἔλεγε
435 1915 450 1974 ά
470 1915 638 1992 Ἑρμότιμος
660 1913 735 1973 τάδε·
763 1911 810 1971 “οἰ
837 1913 945 1973 πάντων

145 1999 250 2078 άνδρῶν
263 2001 316 2078 ἤδη
329 2002 458 2079 μάλιστα
466 2001 512 2061 ἀπ’
522 2004 607 2084 ἔργων
617 2001 810 2062 ἀνοσιωτάτων
820 2002 869 2061 τόν
879 2003 946 2078 βίον

146 2089 309 2165 κτησάμενε,
324 2092 354 2150 τί
365 2093 399 2150 σὲ
413 2090 467 2172 ἐγώ
483 2090 566 2149 κακόν
585 2089 602 2166 ἦ
622 2090 704 2152 οὗτός
717 2088 735 2165 ἦ
749 2094 803 2148 τῶν
818 2093 889 2164 ἐμῶν
906 2117 946 2152 τις

146 2178 286 2259 ἐργάσατο
303 2179 322 2256 ἢ
343 2183 385 2253 σέ,
404 2178 492 2256 ἢτῶν
506 2185 565 2239 σῶν
578 2207 647 2249 τινα,
671 2179 714 2239 ὅτι
727 2205 762 2256 με
777 2177 833 2238 ἀντ’
848 2178 946 2256 ἄνδράς

146 2268 280 2343 ἐποίησας
299 2267 333 2328 τό
353 2269 440 2346 μηδὲν
461 2268 542 2337 εἶναι;
569 2268 673 2330 ἐδόκεές
693 2293 723 2327 τε
745 2267 824 2330 θεούς
847 2267 947 2344 λήσειν

146 2355 191 2414 οἶα
215 2360 344 2435 ἐμηχανῶ
365 2356 438 2416 τότε·
468 2358 549 2416 οἶσε
567 2356 725 2432 ποιήσαντα
743 2355 853 2427 άνόσια,
872 2357 947 2438 νόμω

146 2443 240 2524 δικαίῳ
252 2443 412 2523 χρεώμενοι,
427 2444 573 2526 ὑπήγαγον
588 2451 615 2508 ἐς
628 2446 712 2523 χέρας
721 2445 771 2508 τάς
784 2446 859 2523 ἐμάς,
876 2446 947 2505 ὥστε

147 2558 181 2592 σε
193 2532 233 2610 μὴ
246 2534 415 2611 μέμψασθαι
431 2534 483 2609 τὴν
496 2533 543 2592 ἀπ’
558 2535 623 2610 ἐμέο
636 2559 680 2592 τοι
695 2534 831 2610 ἐσομένην
845 2534 946 2608 δίκην.”

147 2619 182 2683 ὥς
202 2621 234 2680 δέ
251 2624 277 2680 οἱ
295 2625 383 2682 ταῦτα
406 2621 538 2693 ώνείδισε,
560 2621 699 2700 ἀχθέντων
720 2625 774 2680 τῶν
794 2621 899 2679 παίδων
920 2627 947 2684 ἐς

147 2707 218 2786 ὄψιν,
236 2709 406 2790 ἠναγκάζετο
428 2710 443 2769 ά
467 2709 618 2772 Πανιώνιος
639 2714 693 2768 τῶν
714 2713 814 2768 ἐωυτοΰ
833 2710 946 2779 παίδων,

146 2799 287 2875 τεσσέρων
306 2798 412 2868 ἐόντων,
432 2799 467 2858 τά
486 2800 577 2858 αἰδοῖα
595 2797 774 2874 ἀποτάμνειν·
797 2795 946 2876 άναγκαζό·

145 2911 228 2961 μενος
241 2887 270 2945 δέ
285 2887 375 2945 ἐποίεε
385 2889 481 2945 ταῦτα·
504 2885 588 2944 αὐτοῦ
598 2911 636 2956 τε,
648 2885 683 2948 ώς
696 2888 784 2944 ταῦτα
798 2884 946 2964 ἐργάσατο,

147 2977 174 3032 οἱ
187 2974 283 3036 παῖδες
301 2973 519 3054 άναγκαζόμενοι
536 2973 703 3050 άπέταμνον·
725 2972 880 3032 Πανιώνιον
895 2973 948 3048 μέν

147 3087 195 3121 νυν
208 3061 279 3122 οὕτω
292 3063 428 3138 περιῆλθε
441 3061 459 3137 ἦ
472 3087 503 3120 τε
515 3061 589 3124 τίσις
603 3062 648 3119 καὶ
663 3061 678 3120 ὁ
691 3061 869 3137 Ἑρμότιμος.

184 3152 288 3227 Ξέρξης
309 3149 338 3209 δέ
355 3149 390 3213 ώς
408 3150 472 3212 τούς
492 3149 592 3210 παῖδας
612 3148 776 3226 Ἀρτεμισίη
793 3148 927 3223 ἐπέτρεψε
938 3151 994 3207 107

147 3237 265 3318 άπάγειν
279 3243 306 3301 ἐς
314 3236 452 3314 Ἔφεσον,
468 3236 591 3296 καλέσας
604 3234 763 3309 Μαρδόνιον
778 3236 887 3292 ἐκέλευέ
900 3262 947 3307 μιν

146 3331 197 3401 τῆς
218 3323 353 3404 στρατιῆς
372 3325 510 3402 διαλέγειν
534 3323 597 3382 τούς
617 3321 760 3394 βούλεται,
781 3323 825 3378 καὶ
846 3323 948 3378 ποιέειν

171 3407 272 3458 11.-21
1083 3418 1108 3448 A
1128 3411 1129 3501 η
