2276 3554
195 107 240 155 ιιι
488 107 674 158 ὀεοιοιυυ
928 106 990 172 [τι

192 186 362 266 προσέφερε·
384 189 460 252 ἐνδδς
481 191 583 248 κιθῶνα
604 189 698 268 μέγαν·
709 189 755 248 καὶ
774 187 881 250 κόλπον
899 189 992 247 πολύν

191 274 413 352 καταλιπόμενος
431 279 481 335 τοῦ
498 277 620 344 κιθῶνος,
634 274 781 350 κοθόρνους
801 275 865 338 τούς
881 275 992 352 εὕρισκε

191 362 356 439 εὐρυτάτους
377 363 471 427 ἐόντας
487 361 707 440 ὑποδησάμενος,
721 362 765 438 ήῖε
778 367 806 426 ἐς
818 364 867 424 τόν
885 365 991 440 θησαυ-

187 451 238 528 ρθν
263 457 290 516 ἐς
313 450 363 512 τόν
387 454 414 511 οἱ
438 453 614 532 κατηγέοντο,
640 451 769 512 ἐσπεσυλν
793 451 823 511 δέ
847 457 874 516 ἐς
897 453 992 530 σωρόν

189 539 344 620 ψήγματος,
365 543 462 616 πρῶτα
483 542 534 615 μὲν
556 540 699 616 παρέσαξε
719 539 796 618 παρά
813 539 863 603 τάς
884 541 991 617 κνήμας

187 631 237 686 τοῦ
257 631 366 706 χρυσοῦ
385 626 455 687 ὅσον
472 626 590 706 ἐχώρεον
603 630 630 686 οἱ
644 627 781 706 κόθορνοι·
801 627 873 705 μετά
882 628 924 698 δέ,
939 629 991 690 τόν

188 715 296 776 κόλπον
315 714 409 776 πάντα
429 715 611 792 πλησάμενος
631 720 748 794 χρυσοῦ,
764 717 810 776 καὶ
823 721 851 780 ἐς
863 715 912 778 τάς
932 718 990 795 τρί-

187 830 240 882 χας
259 806 309 880 τῆς
326 807 455 880 κεφαλῆς
468 803 607 866 διαπάσας
620 807 670 862 τοῦ
685 804 839 885 ψήγματος,
854 805 899 864 καὶ
912 803 990 866 άλλο

187 891 287 967 λοβιδν
310 897 337 954 ἐς
356 891 390 952 πθ
406 891 508 968 στόμα,
524 891 597 968 ἐξήῖε
618 897 648 952 ἐκ
666 897 715 951 τοῦ
737 893 879 968 θησαυροῦ
900 893 990 954 ἐλκων

187 983 238 1053 μὲν
257 979 340 1061 μόγις
359 978 424 1043 τούς
438 979 593 1055 κοθόρνους,
609 981 693 1040 παντὶ
706 981 737 1039 δέ
750 1007 802 1060 τειρ
815 979 895 1042 οἰκώς
913 984 988 1056 μᾶλ-

185 1071 237 1126 λον
257 1066 276 1144 ἢ
297 1066 441 1147 άνθράπῳ·
468 1071 519 1127 τοῦ
542 1067 575 1128 τό
598 1093 629 1127 τε
653 1067 747 1144 στόμα
771 1069 916 1144 ἐβέβυστο
941 1070 988 1128 καὶ

185 1155 277 1216 πάντα
305 1155 450 1237 ἐξόγκωτο.
494 1155 587 1216 ἶδάντα
614 1156 644 1215 δὲ
666 1155 717 1216 τάν
745 1160 871 1232 Κροῖσον
897 1156 989 1236 γέλως

186 1245 300 1320 ἐσῆλθε·
329 1245 377 1303 καί
399 1247 426 1303 οἱ
451 1243 543 1304 πάντα
565 1271 596 1304 τε
619 1247 709 1304 ἐκεῖνα
733 1244 811 1315 διδοῖ,
835 1243 882 1302 καὶ
905 1244 986 1320 πρὸς,

186 1333 265 1408 ἔτερα
295 1332 423 1409 δωρέεται
454 1330 504 1390 οὐκ
535 1331 651 1392 ἐλάσσω
679 1335 795 1392 ἐκείνων.
837 1331 907 1392 οὕτω
932 1334 987 1408 μὲν

186 1419 343 1495 ἐπλούτησε
358 1418 376 1494 ή
396 1420 467 1496 οἰκίη
484 1419 553 1496 αὕτη
571 1419 708 1500 μεγάλως·
730 1421 776 1480 καὶ
792 1419 807 1480 ὁ
823 1419 986 1496 Ἀλκμαίων

185 1504 265 1570 οὗτος
292 1505 362 1566 οὕτω
388 1507 680 1585 τεθριπποτροφήσας,
703 1507 883 1585 Ὀλυμπιάδα
908 1505 986 1566 άνοι-

141 1594 304 1671 126ρέετοι.
346 1595 427 1654 Μετά
452 1595 489 1665 δὲ,
511 1600 593 1677 γενεῇ
617 1596 728 1674 δευτέρη
750 1596 876 1673 ὕστερον,
898 1599 985 1654 Κλει-

184 1683 286 1760 σθένης
305 1711 354 1761 μιν
370 1683 386 1743 ά
401 1686 538 1747 Σικυῶνος
550 1684 682 1761 τύραννος
695 1683 806 1762 ἐξήειρε,
822 1683 893 1743 ὥστε
913 1687 984 1742 πολ-

184 1774 225 1851 λῷ
237 1771 461 1849 ὀνομαστοτέρην
471 1772 602 1851 γενέσθαι
616 1777 644 1830 ἐν
658 1775 735 1831 τοῖσι
744 1770 871 1848 Ἕλλησι
883 1769 902 1847 ἢ
915 1771 984 1848 πρό-

185 1885 266 1936 τερον
286 1859 329 1936 ἧν.
372 1860 539 1918 Κλεισθένεϊ
562 1858 617 1938 γάρ
640 1863 678 1938 τῷ
699 1860 908 1938 Ἀριστωνύμου
931 1863 984 1920 τοῦ

184 1947 317 2025 Μάρωνος
337 1952 387 2007 τοῦ
407 1947 526 2024 Ἀνδρέω
547 1947 653 2026 γίνεται
675 1947 797 2027 θυγάτηρ
819 1951 855 2025 τῇ
877 1945 984 2022 οὔνομα

183 2034 218 2111 ἦν
233 2035 397 2117 Ἀγαρίστη.
439 2035 540 2110 ταύτην
560 2033 692 2110 ἠθέλησε,
710 2033 855 2108 Ἑλλήνων
873 2033 985 2095 πάντων

185 2123 300 2201 ἐξευρὼν
323 2122 373 2181 τόν
400 2121 523 2198 ἄριστον,
550 2121 638 2200 τούτῳ
664 2124 781 2201 γυναῖκα
806 2123 983 2198 προσθεῖναι.

182 2209 345 2286 Ὀλυμπίων
366 2209 402 2269 ὧν
420 2209 518 2270 ἐόντων
535 2210 581 2268 καὶ
598 2213 680 2270 νικῶν
696 2214 725 2269 ἐν
742 2209 853 2270 αὐτοῖσι
871 2211 984 2287 τεθρίπ-

184 2324 227 2378 πῳ
240 2299 257 2358 ὁ
271 2299 454 2374 Κλεισθένης,
470 2297 597 2379 κήρυγμα
610 2296 772 2372 ἐποιήσατο,
787 2297 866 2362 ὅστις
878 2297 984 2374 Ἑλλή-

184 2412 237 2446 νων
259 2385 357 2446 έωυτὸν
382 2385 456 2456 άξιοῖ
477 2387 664 2448 Κλεισθένεος
686 2386 818 2466 γαμβρόν
842 2385 984 2466 γενέσθαι,

185 2473 261 2549 ήκειν
281 2479 309 2538 ἐς
329 2474 483 2550 ἑξηκοστὴν
500 2473 605 2551 ἡμέρην
618 2473 636 2550 ἢ
651 2474 696 2532 καὶ
709 2473 844 2552 πρότερον
862 2479 889 2537 ἐς
903 2475 984 2538 Σικυ-

183 2567 246 2632 ὣνα,
262 2562 297 2626 ὥς
316 2561 488 2640 κυρώσοντος
502 2563 689 2624 Κλεισθένεος
707 2562 756 2622 τὰν
773 2561 865 2643 γάμον
883 2566 912 2621 ἐν
931 2555 991 2621 ἐνι(

183 2655 262 2730 ουτῷ,
286 2651 341 2710 άπὸ
362 2656 412 2726 τῆς
434 2650 585 2726 ἑξηκοστῆς
607 2650 763 2728 ἀρξαμένου
785 2650 898 2727 ἡμέρης.
941 2653 984 2708 ἐν·

183 2740 271 2799 θαῦτο
293 2739 438 2814 Ἑλλήνων
462 2738 527 2798 ὅσοι
550 2740 638 2814 σφίσι
661 2763 692 2797 πε
713 2737 825 2798 αὐτοῖσι
842 2737 916 2813 ἦσαν
936 2741 984 2797 καὶ

182 2827 274 2906 πάτρῃ
285 2827 480 2906 ἐξωγκωμένοι,
490 2826 617 2900 ἐφοίτεον
630 2830 797 2902 μνηστῆρες·
811 2829 888 2884 τοῖσι
897 2829 983 2884 Κλει-

182 2915 283 2990 σθένης
302 2915 347 2972 καὶ
368 2913 471 2990 δρόμον
486 2915 532 2972 καὶ
544 2915 723 2990 παλαίστρην
735 2913 925 2990 ποιησάμενος
939 2912 984 2972 ἐπ’

136 3003 191 3062 127
202 3001 275 3080 αὐτῷ
287 3002 374 3079 τούτῳ
389 3001 455 3078 εἶχε.
483 2999 556 3060 Ἀπθ
570 3004 621 3076 μὲν
635 3001 669 3076 δή
682 3001 804 3076 Ἰταλίης
817 3001 888 3076 ἦλθε
898 3002 984 3077 Σμιν-

181 3089 290 3165 δυρίδης
306 3088 321 3147 ά
338 3087 535 3165 Ἱπποκράτεος
553 3090 711 3165 Συβαρίτης
729 3088 759 3152 ὃς
777 3091 821 3148 ἐπὶ
843 3093 984 3149 πλεῖστον

181 3174 216 3250 δή
234 3176 335 3254 χλιδῆς
353 3176 390 3238 εἷς
408 3173 478 3252 άνήρ
498 3174 622 3236 άπίκετο·
643 3176 662 3252 ἦ
684 3176 714 3234 δὲ
732 3177 855 3253 Σύβαρις
873 3175 983 3252 ἤκμαζε

180 3265 280 3322 τοῦτον
296 3263 345 3322 τόν
362 3261 464 3341 χρόνον
481 3262 617 3340 μάλιστα·
640 3265 686 3324 καὶ
703 3265 814 3341 Σιρίτης
832 3262 983 3341 Δάμασος,
