2282 3550
172 125 219 175 228
474 127 658 177 ἨΡΟΔΟΤΟΤ
878 125 970 190 [VIII.

167 202 300 284 ὖστεραίῃ
318 205 409 286 ἡμέρῃ
428 208 474 266 ε’πὶ
491 208 524 268 τό
541 207 721 284 Ἀρτεμίσιον
738 205 915 277 ἐπελέξαντο·
935 207 972 268 τά

168 291 198 350 δὲ
210 291 362 372 γράμματα
376 294 442 353 τόδε
456 296 545 375 ἔλεγε·
567 305 584 329 “
594 292 689 371 ἀνδρες
702 291 803 364 Ἴωνες,
819 293 851 352 οὐ
864 295 973 355 ποιέετε

168 379 259 439 δίκαια
286 382 332 440 ε’πὶ
359 382 423 445 τούς
449 384 570 460 πατέρας
597 381 820 458 στρατευόμενοι,
849 383 895 440 καὶ
918 383 972 460 τὴν

166 465 295 528 Ἑλλάδα
316 470 577 547 καταδουλούμενοι·
599 469 676 529 ἀλλά
692 469 819 547 μάλιστα
834 474 886 547 μὲν
900 473 973 550 πρός

166 556 258 634 ἡμέων
278 560 400 639 γίνεσθε·
429 564 453 618 εἰ
473 561 503 619 δὲ
523 559 588 636 ὑμῖν
609 565 670 619 ε’στι
690 563 773 618 τοῦτο
793 559 834 636 μὴ
855 559 972 622 δυνατόν

167 649 293 721 ποιῆσαι,
315 647 395 724 όμέες
422 647 452 706 δὲ
473 649 513 708 ἔτι
534 649 580 706 καὶ
601 652 649 707 νῦν
669 652 698 705 ε’κ
719 651 768 706 τοῦ
792 649 882 724 μέσου
901 648 972 726 ἡμῖν

168 733 264 804 ἕζεσθε
286 737 331 794 καὶ
352 733 439 806 αὐτοὶ,
461 737 507 795 καὶ
527 741 582 796 τῶν
604 739 705 812 Καρῶν
726 735 823 795 δέεσθε
842 735 878 795 τό
898 735 972 798 αότά

166 820 231 897 όμῖν
258 824 370 883 ποιέειν·
413 828 437 882 εἰ
463 825 492 884 δὲ
525 825 677 901 μηδέτερον
709 823 814 884 τούτων
847 824 907 884 οἶόν
938 853 971 886 τε

166 910 302 990 γίνεσθαι,
322 911 387 970 ἀλλ’
407 911 452 971 ὑπ’
469 912 620 993 ἀναγκαίης
635 913 750 989 μέζονος
770 914 934 992 κατέζευχθε
950 913 971 992 ἢ

167 997 239 1059 ὥστε
256 999 439 1070 ἀπίστασθαι,
454 1000 534 1077 ὑμέες
553 1027 587 1082 γε
604 1006 633 1061 ε’ν
648 1030 686 1083 τῳ
702 1001 780 1081 ἔργῳ,
796 1000 879 1060 έπεάν
896 1028 970 1080 συμ-

165 1089 320 1169 μίσγωμεν,
340 1090 541 1160 ἐθελοκακέετε,
560 1090 730 1166 μεμνημένοι
749 1087 791 1148 ὅτι
808 1087 855 1147 ἀπ’
876 1089 970 1165 ἡμέων

165 1176 299 1256 γεγόνατε
319 1178 364 1236 καὶ
387 1177 430 1238 ὅτι
451 1176 574 1256 ἀρχῆθεν
590 1177 609 1254 ἡ
628 1179 713 1256 ἔχθρη
735 1176 805 1254 πρός
826 1177 875 1236 τόν
895 1179 968 1256 βόρ-

165 1265 258 1340 βορον
278 1265 326 1324 ἀπ’
346 1265 435 1342 ὕμέων
455 1266 522 1342 ἡμῖν
544 1265 668 1347 γέγονε.”
709 1268 917 1343 Θεμιστοκλέης
938 1269 969 1328 δὲ

164 1356 252 1412 ταῦτα
276 1355 387 1434 ἔγραψε,
415 1355 519 1414 δοκέειν
543 1355 612 1431 ε’μοὶ,
638 1353 679 1413 ἐπ’
703 1353 850 1431 ἀμφότερα
873 1355 966 1416 νοέων·

166 1440 209 1500 ἵνα
222 1440 240 1516 ἢ
254 1440 379 1502 λαθόντα
395 1442 430 1501 τά
448 1443 601 1523 γράμματα
613 1443 741 1518 βασιλέα
749 1440 846 1506 Ἴωνας
859 1444 967 1524 ποιήσῃ

164 1530 350 1604 μεταβαλέειν
373 1531 419 1588 καὶ
439 1532 572 1610 γενέσθαι
592 1530 663 1607 πρός
679 1533 791 1601 έωυτῶν,
812 1529 838 1606 ἢ,
857 1533 919 1590 ε’πεί
935 1559 968 1593 τε

163 1614 309 1697 ἀνενειχθῇ
343 1619 389 1677 καὶ
419 1619 563 1697 διαβληθῇ
590 1619 660 1696 πρός
689 1620 802 1696 Ξέρξεα,
830 1618 968 1686 ἀπίστους

164 1705 270 1784 ποιήσῃ
304 1707 368 1771 τούς
389 1706 487 1771 Ἴωνος
513 1708 559 1766 καὶ
585 1711 641 1768 τῶν
670 1708 843 1786 ναυμαχιέων
867 1707 968 1773 αότοιλς

166 1792 293 1874 α’πόσχῃ.

116 1884 155 1942 23
183 1954 185 1958 ‚
205 1886 414 1961 Θεμιστοκλέης
426 1887 478 1961 μὲν
491 1888 578 1943 ταῦτα
598 1885 741 1966 ἐνέγραψε·
762 1888 839 1944 τοῖσι
851 1885 881 1944 δὲ
893 1887 967 1964 βαρ-

163 1971 282 2049 βάροισι
316 1972 413 2032 αὐτίκα
440 1972 512 2049 μετά
545 1976 633 2032 ταῦτα
666 1975 757 2052 πλοίῳ
790 1971 860 2049 ἦλθε
895 1973 967 2053 ἀνὴρ

162 2058 316 2131 Ἱστιαιεῦς,
331 2061 478 2142 ἀγγέλλων
494 2059 545 2121 τόν
564 2061 690 2138 δρησμόν
710 2062 760 2120 τόν
780 2059 826 2120 ἀπ’
840 2061 968 2140 Ἀρτεμι-

166 2149 230 2206 σίου
252 2154 307 2209 τῶν
329 2149 482 2225 Ἑλλήνων.
524 2152 551 2210 οἶ
575 2149 598 2208 δ’
621 2149 666 2208 ὑπ’
691 2149 823 2226 ἀπιστίης
844 2149 893 2210 τόν
913 2155 968 2228 μέν

163 2234 340 2316 ἀγγέλλοντα
357 2238 433 2316 εἶχον
452 2244 481 2298 έν
500 2242 623 2318 φυλακῇ,
638 2243 705 2314 νῆας
723 2239 753 2296 δὲ
769 2239 881 2316 ταχείας
899 2238 965 2300 ἀπέ-

163 2328 279 2382 στειλαν
297 2329 554 2403 προκατοψομένας·
576 2325 804 2407 ἀπαγγειλάντων
819 2327 848 2385 δέ
861 2327 967 2388 τούτων

162 2410 198 2470 τό
207 2409 249 2487 ἦν,
259 2411 329 2470 οὕτω
340 2413 374 2488 δὴ
386 2411 444 2489 ἅμα
457 2415 528 2494 ἡλίῳ
542 2415 714 2493 σκιδναμένῳ
724 2419 805 2474 πᾶσα
816 2415 835 2491 ἡ
846 2417 966 2494 στρατιὴ

163 2499 251 2559 ἔπλωε
270 2499 343 2577 ἀλὴς
366 2503 411 2561 ε’πὶ
427 2503 460 2562 τό
477 2502 664 2580 Ἀρτεμίσιον·
698 2503 860 2582 ε’πισχόντες
884 2503 914 2562 δὲ
936 2510 968 2565 έν

162 2588 248 2668 τούτῳ
260 2593 299 2668 τῷ
311 2590 404 2670 χιόρῳ,
409 2591 493 2670 μέχρι
513 2593 603 2667 μέσου
620 2590 733 2668 ἡμέρης,
747 2591 781 2651 τό
796 2591 851 2651 α’πό
865 2591 967 2652 τούτου

163 2676 270 2736 ἔπλωον
284 2683 311 2740 ές
326 2677 471 2754 Ἱστιαίην·
493 2679 656 2756 ἀπικόμενοι
670 2680 699 2738 δὲ
712 2678 764 2755 τὴν
779 2679 865 2739 πόλιν
878 2681 968 2758 ἔσχον

161 2768 216 2823 τόν
233 2764 393 2835 Ἱστιαιέων,
417 2767 462 2824 καὶ
482 2770 532 2843 τῆς
551 2767 706 2843 Ἐλλοπίης
728 2767 834 2844 μοίρης,
859 2771 911 2847 γῆς
935 2769 967 2828 δὲ

160 2855 211 2927 τῆς
222 2852 424 2930 Ἱστιαιήτιδος,
439 2853 488 2917 τός
501 2856 741 2931 παραθαλασσίας
760 2857 853 2933 κόμας
870 2856 968 2921 πόσας

161 2939 325 3016 ε’πέδραμον.

114 3027 153 3084 24
201 3025 339 3088 Ἐνθαῦτα
352 3029 382 3088 δὲ
394 3029 497 3090 τούτων
509 3030 615 3101 ἐόντων,
626 3031 732 3108 Ξέρξης
746 3032 968 3110 ἑτοιμασάμενος

161 3111 197 3170 τοὶ
230 3115 293 3190 περὶ
327 3116 390 3179 τούς
417 3117 536 3194 νεκροιλς,
563 3120 668 3196 ἔπεμπε
697 3125 725 3182 ές
758 3119 809 3180 τόν
837 3122 968 3184 ναυτικόν

161 3200 285 3273 στρατόν
303 3202 417 3278 κήρυκα·
437 3205 664 3282 προετοιμάσατο
683 3207 713 3267 δὲ
728 3207 805 3268 τόδε·
830 3208 895 3269 ὅσοι
914 3216 967 3271 τοῦ

160 3290 283 3356 στρατοῦ
305 3294 355 3346 τοῦ
378 3294 478 3349 ἑωυτοῦ
497 3291 572 3365 ἦσαν
591 3295 681 3370 νεκροὶ
700 3299 730 3354 έν
748 3297 967 3378 Θερμοπύλῃσι·
