2282 3550
162 145 273 208 ιιι-οι]
486 133 652 194 emm
918 145 965 192 τοι

165 223 210 281 καὶ
234 222 377 299 συνῆνεικε
401 222 557 301 ποιησάσῃ·
592 223 743 300 διωκομένη
763 221 819 304 γάρ
840 220 895 281 ύπδ
916 224 967 296 τῆς

164 308 300 386 Ἀττικῆς,
328 312 456 388 φέρουσα
484 312 604 388 ἐνέβαλε
631 311 676 387 νηῒ
697 311 789 389 φιλίῃ,
811 309 916 386 ἀνδρῶν
935 334 967 368 τε

166 399 333 459 Καλυνδέων
354 399 400 458 καὶ
421 398 506 460 αύτοῦ
528 400 709 462 ἐπιπλέοντος
728 400 778 458 τοῦ
800 398 967 458 Καλυνδέων

166 487 305 564 βασιλέος
326 486 542 565 Δαμασιθύμου·
565 491 589 546 εἰ
608 489 660 563 μὲν
679 488 728 546 καί
743 512 770 546 τι
789 491 877 550 νεῖκος
895 486 967 564 πρδς

167 573 250 635 αύτδν
275 575 400 656 ἐγεγόνεε
421 579 462 634 ἐτι
482 575 547 653 περὶ
567 574 784 650 Ἑλλήσποντον
805 575 911 645 ἐόντων,
935 574 967 636 ού

166 664 261 739 μέντοι
288 665 373 743 ἔγωγε
401 663 454 743 ’έχω
483 666 576 733 εἰπεῖν,
602 664 655 724 εἴτε
683 667 713 722 ἐκ
740 665 871 742 προνοίης
898 663 969 724 αύτά

166 750 291 826 ἐποίησε,
313 751 367 811 εἴτε
395 750 567 828 συνεκύρησε
594 751 612 827 ἡ
633 755 689 811 τῶν
709 751 877 811 Καλυνδέων
897 753 968 811 κατά

165 837 254 917 τύχην
275 843 483 916 παραπεσοῦσα
506 845 580 916 νηῦς·
616 840 650 903 ὦς
673 839 703 898 δὲ
727 841 846 915 ἐνέβαλέ
867 865 898 899 τε
922 842 968 899 καὶ

167 927 308 1000 κατέδυσε,
331 925 443 1007 εύτυχίη
461 929 635 1008 χρησαμένη,
652 928 739 986 διπλοῖ
756 927 858 1003 ἐωυτῆν
876 926 968 1009 άγαθά

167 1014 318 1094 ἐργάσατο·
339 1015 355 1076 ὅ
376 1042 407 1075 τε
427 1015 483 1097 γάρ
503 1020 553 1092 τῆς
568 1015 697 1091 Ἀττικῆς
717 1016 782 1092 νηός
800 1015 968 1095 τριήραρχος

167 1101 203 1166 ὦς
229 1101 285 1163 εἶδέ
309 1130 358 1180 μιν
380 1103 586 1182 ἐμβάλλουσαν
610 1105 654 1181 νηὶ
677 1103 783 1181 άνδρῶν
802 1103 967 1180 βαρβάρων,
1011 1107 1016 1114 “

166 1191 286 1267 νομίσας
298 1192 350 1268 τῆν
364 1197 418 1270 νῆα
430 1193 482 1269 τῆν
494 1191 674 1270 Ἀρτεμισίης
689 1191 707 1270 ἢ
720 1193 873 1268 Ἑλληνίδα
891 1192 967 1262 εἶναι,

165 1275 185 1354 ἢ
205 1278 386 1357 αὐτομολέειν
404 1287 433 1342 ἐκ
453 1281 681 1360 τῶνβαρβάρων
701 1282 748 1342 καὶ
768 1280 878 1341 αύτοῖσι
899 1280 967 1357 άμύ-

166 1391 231 1436 νειν,
246 1366 428 1448 ἀποστρέψας
440 1369 510 1446 πρός
524 1369 615 1432 ἄλλος
629 1369 772 1446 ἐτράπετο.
812 1374 902 1430 Τοῦτο
914 1372 966 1447 μὲν
977 1373 1015 1430 88

165 1458 278 1514 τοιοῦτο
296 1456 366 1536 αὕτη
385 1457 527 1534 συνήνεικε
546 1458 685 1538 γενέσθαι,
702 1458 860 1539 διαφυγέειυ
875 1484 906 1518 τε
922 1460 968 1518 καὶ

165 1540 209 1619 μῆ
227 1541 396 1606 α’πολέσθαι·
410 1550 493 1606 τοῦτο
511 1545 549 1615 δέ,
569 1546 678 1622 συνέβη
692 1544 763 1606 ὥστε
783 1547 868 1606 κακόν
887 1551 967 1628 ἐργα-

167 1633 302 1708 σαμένην,
327 1632 384 1694 άπδ
403 1633 507 1695 τούτων
528 1631 616 1710 αύτῆν
634 1633 762 1711 μάλιστα
784 1634 965 1712 εὐδοκιμῆσαι

167 1745 245 1798 παρα
235 1719 357 1800 Ξέρξη·
374 1721 536 1804 λέγεται
499 1748 554 1803 γαρ
567 1723 694 1799 βασιλέα
708 1721 858 1800 θηεύμενον
870 1724 969 1798 μαθεῖν

166 1806 220 1883 τῆν
234 1813 286 1884 νῆα
301 1811 495 1886 ἐμβαλοῦσαν·
515 1836 562 1869 και
551 1811 609 1887 δη
622 1835 684 1869 τινα
698 1809 773 1869 ειπαι
785 1814 839 1869 τῶν
853 1809 969 1885 παρεόν-

166 1921 231 1954 των·
253 1907 270 1931 “
279 1897 412 1968 δέσποτα,
427 1898 493 1978 ὁρᾷς
505 1898 695 1976 Ἀρτεμισίην,
710 1898 744 1961 ὥς
764 1896 792 1956 εὖ
810 1897 970 1977 ἀγωνίζεται

168 1983 215 2041 καὶ
226 1987 279 2060 νῆα
288 1989 343 2044 τῶν
353 1987 495 2063 πολεμίων
506 1987 639 2046 κατέδυσε
645 1985 668 2055 ;”
686 1987 731 2044 καὶ
741 1985 790 2046 τόν
801 1986 967 2061 ἐπείρεσθαι,

168 2076 193 2130 εἰ
215 2070 340 2148 άληθέως
362 2074 423 2134 ἐστὶ
446 2073 625 2151 Ἀρτεμισίης
647 2072 680 2132 τό
705 2075 803 2186 ἔργον;
836 2073 881 2131 καὶ
904 2073 969 2137 τούς
1002 2135 1013 2154 ο

169 2157 257 2233 φάναι
270 2161 429 2237 σαφέως
397 2187 429 2221 το
449 2163 588 2268 ἐπίσημον
608 2165 659 2237 τῆς
675 2161 740 2274 νηός
759 2162 967 2238 ἐπισταμένους·

168 2247 220 2323 τῆν
238 2247 268 2307 δὲ
284 2248 524 2362 διαφθαρεῖσαν’
506 2251 660 2326 ηπιστέατο
679 2249 748 2310 εἶναι
765 2251 913 2328 πολεμίην·
934 2250 970 2310 τά

168 2361 200 2395 τε
213 2335 267 2417 γάρ
281 2337 402 2413 ἄλλα,
382 2364 417 2401 ως
431 2339 545 2452 εἴρηται,
560 2337 631 2417 αύτῆ
645 2338 788 2414 συνήνεικε
802 2345 828 2402 ἐς
843 2338 970 2420 εύτυχίην

169 2425 313 2504 γενόμενα,
325 2428 370 2485 καὶ
383 2427 416 2486 τό
430 2431 485 2486 τῶν
496 2431 525 2486 ἐκ
539 2431 589 2502 τῆς
599 2427 835 2502 Καλυνδικῆς
787 2455 851 2504 νηος
864 2429 970 2504 μηδένα

170 2511 352 2574 α’ποσωθέντα
372 2514 527 2595 κατήγορον
546 2516 687 2595 γενέσθαι·
722 2517 828 2593 Ξέρξην
847 2516 876 2574 δὲ
895 2516 971 2575 εἶπαι

169 2601 282 2681 λέγεται
301 2603 372 2680 πρδς
389 2603 424 2662 τά
443 2602 614 2680 φραζόμενα·
640 2614 656 2638 “
667 2607 693 2662 οἶ
709 2607 761 2679 μὲν
778 2602 873 2678 ἄνδρες
888 2603 968 2683 γεγό-

170 2690 239 2748 νασί
251 2716 301 2767 μοι
320 2695 456 2772 γυναῖκες·
478 2695 507 2751 αἱ
527 2691 556 2750 δέ
576 2695 703 2773 γυναῖκες
723 2689 842 2767 άνδρες.”
882 2693 971 2750 ταῦτα

170 2779 221 2854 μὲν
234 2780 341 2856 Ξέρξην
354 2780 429 2854 φασὶ
443 2777 523 2839 εἶπαι

209 2863 258 2926 Ἔν
272 2868 301 2926 δέ
314 2872 353 2948 τῷ
365 2867 440 2948 πόνῳ
453 2867 541 2947 τούτῳ
554 2866 610 2927 <ivd
623 2870 675 2943 μὲν
689 2867 767 2927 ἔθανε
781 2865 797 2925 6
811 2866 969 2947 στρατηγός
978 2868 1015 2926 89

170 2951 352 3037 Ἀριαβίγνης
371 2956 386 3016 ό
407 2957 533 3033 Δαρείου,
554 2956 662 3032 Ξέρξεω
678 2956 729 3014 ἐών
745 2953 890 3030 α’δελφεὸς,
912 2952 969 3014 άπδ

171 3042 200 3101 δέ
227 3043 313 3104 άλλοι
339 3045 448 3104 πολλοί
465 3070 495 3104 τε
517 3044 562 3103 καὶ
589 3042 743 3120 ὀνομαστοὶ
764 3043 897 3120 Περσέων
924 3043 971 3102 καὶ

172 3131 283 3238 Μῆδον,
307 3135 352 3192 καὶ
370 3137 425 3193 τῶν
440 3132 536 3192 ἄλλων
554 3131 719 3242 συμμάχων·
744 3130 838 3211 ὀλίγοι
854 3130 884 3189 δέ
901 3155 972 3192 τινες

172 3221 216 3276 καὶ
229 3219 423 3294 Ἑλλήνων·
407 3247 455 3279 ατε
474 3220 529 3300 γάρ
550 3220 620 3278 νέειν
641 3218 829 3293 ἐπιστάμενοι,
845 3221 921 3277 τοῖσι
942 3220 971 3275 αἱ

172 3310 232 3432 νΙῆΙες
253 3307 451 3432 ἔδεφθείρουτο,
470 3308 515 3364 καὶ
530 3306 570 3381 μῆ
587 3311 616 3364 ἐν
631 3309 730 3382 χειρῶν
752 3304 826 3382 υύμω
846 3303 970 3364 άπυλλύ-
