2250 3552
549 4 601 69 Ἠ]

168 125 216 173 318
474 123 657 171 ἨΡΟΔΟΤΟΤ
908 119 970 184 [IX.

165 202 354 263 ἀνοσιώτατον
381 202 450 280 ἔχων
482 201 569 281 λόγον
598 201 671 260 ἵκετο
697 199 767 276 πράς
794 200 971 274 Παυσανίην.

165 290 333 367 ἀπικόμενος
346 290 384 358 δὲ,
403 289 515 367 σπουδῇ
529 290 608 370 ἔλεγε
627 287 701 348 τάδε·
724 287 771 347 (έῶ
790 291 843 346 παῖ
859 292 971 364 Κλεομ-

167 378 281 457 βρότου,
307 379 388 458 ἔργον
412 378 548 458 ἔργασταί
571 403 616 436 τοι
637 376 776 454 ύπερφυὲς
797 375 922 456 μέγαθός
942 403 972 435 τε

167 467 212 525 καὶ
231 464 345 528 κάλλος·
368 465 413 523 καὶ
431 466 475 524 τοὶ
494 464 556 528 θεάς
572 465 720 541 παρέδωκε,
741 463 901 541 ῥυσάμενον
921 463 973 540 τήν

164 553 292 613 Ἐλλάδα
313 554 394 616 κλέος
415 553 587 613 καταθέσθαι
604 553 741 632 μέγιστον
758 551 905 626 Ἑλλήνων
918 555 973 611 τῶν

167 641 247 719 ἡμεῖς
268 641 351 718 ύδμεν.
396 641 433 700 σύ
451 641 480 700 δὲ
498 642 544 699 καὶ
562 639 598 699 τά
616 639 703 698 λοιπά
723 638 759 698 τά
781 639 825 698 ἐπὶ
845 639 973 700 τούτοισι

166 728 296 804 ποιήσον,
315 728 384 793 ὅκως
402 728 488 809 λόγος
508 730 540 788 τέ
557 755 592 787 σε
615 729 665 806 ἔχῃ
688 728 728 785 ἔτι
748 727 843 804 μέζων,
864 729 913 786 καί
931 755 973 791 τις

166 816 283 894 ὕστερον
306 817 492 892 φυλάσσηται
516 821 570 876 τῶν
591 813 748 892 βαρβάρων
769 813 809 890 μή
836 814 973 894 ὑπάρχειν

167 907 234 986 ἔργα
248 905 398 966 ἀτάσθαλα
411 905 511 964 ποιέων
522 911 549 968 ἐς
562 905 626 968 τούς
635 903 789 978 Ἕλληνας.
830 904 972 962 Λεωνιδεω

165 994 221 1075 γάρ
234 994 424 1056 ἀποθανόντος
441 999 469 1053 έν
484 993 694 1071 Θερμοπύλῃσι,
708 991 867 1069 Μαρδόνιός
879 1018 910 1050 τε
925 993 972 1050 καὶ

166 1083 271 1160 Ξέρξης
295 1081 485 1159 ἀποταμόντες
509 1082 560 1156 τήν
588 1081 716 1157 κεφαλήν
743 1079 971 1157 ἀνεσταύρωσαν·

166 1175 205 1249 τῷ
225 1171 262 1243 σύ
283 1171 334 1246 τήν
355 1170 460 1246 ὁμοίην
475 1168 631 1239 ἀποδιδούς,
653 1171 764 1228 ἔπαινον
786 1168 854 1238 ἕξεις
873 1172 972 1245 πρῶτα

166 1262 218 1336 μὲν
230 1259 285 1319 ύπά
298 1259 407 1318 πάντων
421 1259 625 1335 Σπαρτιητέων,
640 1256 716 1320 αὖτις
729 1257 759 1316 δὲ
773 1257 819 1314 καὶ
833 1255 904 1332 πρός
916 1261 972 1316 τῶν

167 1347 262 1407 ἀλλων
282 1347 435 1422 Ἑλλήνων·
470 1345 631 1423 Μαρδόνιον
650 1345 705 1426 γάρ
730 1345 971 1416 ἀνασκολοπίσας,

119 1437 156 1496 79
166 1435 354 1512 τετιμώρησαι
367 1440 394 1498 ές
406 1433 519 1512 πάτρων
531 1434 580 1494 τάν
599 1433 653 1494 σάν
666 1432 830 1509 Αεωνίδην.”
871 1433 905 1491 ‘O
920 1435 972 1508 μὲν

167 1522 267 1582 δοκέων
289 1523 456 1600 χαρίζεσθαι
480 1524 559 1604 ἔλεγε
583 1522 656 1582 τάδε·
692 1521 707 1581 ὁ
735 1521 757 1580 δ’
785 1521 972 1598 ἀνταμείβετο

165 1610 271 1670 τοῖσδε·
296 1609 344 1668 “ὧ
366 1611 436 1680 ξεῖνε
457 1614 602 1691 Αἰγινῆτα,
623 1609 655 1670 τό
680 1612 732 1687 μὲν
753 1609 855 1670 εὐνοεῖν
875 1635 905 1668 τε
926 1611 972 1668 καὶ

167 1704 290 1776 προορᾶν
317 1697 424 1780 ἄγαμαι
450 1703 511 1758 σεῦ·
551 1699 662 1779 γνιύμης
688 1699 783 1775 μέντοι
810 1697 973 1775 ἡμάρτηκας

168 1791 303 1866 χρηστῆς·
326 1785 424 1862 ἐξάρας
442 1786 497 1868 γάρ
516 1814 552 1864 με
572 1787 645 1864 ύψοῦ
665 1788 710 1845 καὶ
730 1787 782 1862 τήν
800 1785 908 1862 πάτρην
926 1787 972 1844 καὶ

166 1876 200 1936 τά
224 1877 311 1957 ἔργον,
337 1881 363 1938 ές
383 1875 416 1934 τὸ
437 1875 523 1951 μηδὲν
545 1876 700 1951 κατέβαλες
718 1875 872 1950 παραινέων
888 1883 973 1952 νεκρῷ

167 1965 351 2041 λυμαίνεσθαι
375 1964 428 2032 καὶ,
450 1961 484 2038 ἦν
507 1966 594 2022 ταῦτα
610 1963 703 2034 ποιέω,
723 1963 779 2038 φάς
802 1961 914 2038 άμεινόν
935 1989 972 2038 με

167 2051 349 2114 ἀκούσεσθαι·
371 2051 406 2110 τά
421 2053 521 2128 πρέπει
542 2055 654 2128 μᾶλλον
675 2050 853 2128 βαρβάροισι
869 2051 973 2110 ποιέειν

166 2139 238 2217 ἥπερ
246 2141 383 2217 Ἕλλησι·
406 2141 452 2198 καὶ
466 2140 595 2198 ἐκείνοισι
614 2139 642 2197 δὲ
662 2139 875 2214 ἐπιφθονέομεν.
917 2139 972 2218 ε’γιύ

168 2228 191 2287 δ’
212 2227 249 2286 ὧν
269 2228 368 2287 τούτου
390 2229 479 2288 εἵνεκα
499 2227 570 2304 μήτε
591 2226 758 2308 Αἰγινήτῃσι
778 2225 880 2304 ἅδοιμι,
900 2227 973 2302 μήτε

167 2319 243 2375 τοῖσι
256 2319 344 2374 ταῦτα
358 2315 515 2392 ἀρέσκεται·
533 2315 646 2395 ἀποχρᾷ
659 2314 682 2374 δ’
696 2316 765 2392 ἐμοὶ,
778 2313 972 2394 Σπαρτιήτῃσι

168 2402 356 2480 ἀρεσκόμενον
375 2402 441 2462 ὅσια
462 2406 514 2478 μὲν
535 2405 647 2474 ποιέειν,
663 2403 729 2463 ὅσια
752 2404 781 2462 δὲ
803 2404 848 2462 καὶ
869 2404 971 2484 λέγειν·

168 2491 290 2570 Λεωνίδῃ
302 2491 339 2560 δὲ,
350 2495 389 2569 τῷ
397 2490 434 2566 με
445 2491 565 2554 κελεύεις
577 2497 743 2569 τιμωρῆσαι,
756 2493 830 2568 φημὶ
843 2490 971 2571 μεγάλως

167 2579 383 2656 τετιμωρῆσθαι·
405 2581 518 2658 ψυχῇσί
528 2605 559 2638 τε
571 2583 639 2658 τῇσι
656 2581 741 2640 τῶνδε
758 2577 972 2656 ἀναριθμήτοισι

167 2669 311 2744 τετίμηται
324 2667 406 2731 αύτός
426 2694 457 2726 τε
477 2668 521 2726 καὶ
540 2671 566 2726 οἱ
582 2666 667 2728 ἀλλοι
684 2671 710 2728 οἱ
725 2673 753 2728 ε’ν
770 2666 972 2745 Θερμοπύλῃσι

167 2756 390 2832 τελευτήσαντες.
411 2755 447 2815 σύ
457 2757 552 2832 μέντοι
563 2757 601 2814 ἔτι
613 2757 682 2835 ἔχων
692 2756 780 2838 λόγον
788 2755 895 2814 τοιόνδε
901 2754 973 2830 μήτε

168 2845 330 2923 προσέλθῃς
341 2846 443 2924 ἔμοιγε,
454 2844 525 2921 μήτε
536 2844 764 2924 συμβουλεύσῃς·
779 2844 861 2923 χάριν
871 2843 933 2902 ’ίσθι
941 2869 974 2902 τε

169 2932 220 2992 εἰύν
234 2931 368 3007 ἀπαθής.”
409 2931 486 3007 ὁμὲν
499 2937 587 2991 ταῦτα
598 2931 721 2996 ἀκούσας
735 2930 952 2990 ἀπαλλάσσετο.

122 3023 159 3078 80
210 3020 374 3093 Παυσανίης
395 3017 424 3076 δὲ
445 3019 574 3099 κήρυγμα
593 3019 782 3096 ποιησάμενος
799 3018 904 3095 μήδενα
922 3016 974 3077 ἀπ-

168 3107 268 3166 τεσθαι
280 3109 331 3178 τῆς
347 3105 436 3180 ληίης,
451 3107 630 3185 συγκομίζειν
651 3108 759 3165 ε’κέλευε
779 3104 844 3168 τούς
859 3107 975 3168 εἵλωτας

168 3193 204 3252 τὰ
217 3193 358 3271 χρήματα·
380 3196 407 3252 οἱ
420 3193 449 3250 δὲ
468 3191 519 3251 ἀνά
538 3194 571 3252 τά
590 3193 781 3271 στρατόπεδον
795 3193 975 3270 σκιδνάμενοι

170 3279 298 3355 εὕρισκον
309 3279 413 3354 σκηνάς
424 3282 682 3356 κατεσκευασμένας
690 3287 787 3359 χρυσῷ
798 3283 844 3340 καὶ
854 3281 976 3360 ἀργύρῳ,
