2250 3552
189 139 236 186 294
493 135 677 184 ‘HPOAOTOT
921 137 985 202 [IX.

187 221 271 276 τοῦτο
299 216 336 288 δέ,
364 215 506 296 Ἀργείους
536 215 599 278 τούς
629 215 700 292 μετά
728 218 912 280 Πολυνείκεος
940 221 988 278 ἐπὶ

187 305 287 380 Θήβας
315 301 480 375 ἐλάσαντος,
507 304 727 380 τελευτήσαντας
754 304 805 365 τόν
828 309 912 365 αἰῶνα
940 308 988 368 καὶ

186 393 310 468 άτάφους
331 392 478 467 κειμένους,
500 392 737 469 στρατευσάμενοι
758 394 804 452 ἐπὶ
823 394 894 462 τούς,
912 396 988 455 Καδ-

183 481 284 558 μείους,
305 479 456 540 ἀνελέσθαι
474 506 505 540 τε
522 480 587 544 τούς
606 481 716 558 νεκρούς
730 489 824 558 φαμεν
839 484 884 541 καὶ
899 483 989 562 θάψαι

184 572 234 644 τῆς
254 567 388 645 ἡμετέρης
405 573 433 628 ἐν
451 568 602 628 Ἐλευσῖνι.
645 570 751 629 ἔστιδὲ
768 569 836 646 ἡμῖν
858 573 939 652 ἔργον
957 573 989 633 εὖ

185 657 249 736 ἔχον
269 658 314 716 καὶ
331 661 358 720 ἐς
376 655 564 733 Ἀμαζονίδας,
582 657 633 721 τάς
652 657 709 718 άπδ
727 659 924 735 Θερμώδοντος
936 687 988 720 πο-

184 749 274 821 ταμοῦ
294 745 478 822 ἐσβαλούσας
496 747 559 804 κοτέ
579 750 606 808 ἐς
622 751 677 828 γῆν
694 747 745 823 τήν
758 746 898 823 Ἀττικήν.
941 750 989 808 καὶ

186 839 214 893 ἐν
237 838 313 894 τοῖσι
336 838 485 911 Τρωϊκοῖσι
511 833 625 894 πόνοισι
649 834 775 910 οὐδαμῶν
806 836 986 913 ἐλειπόμεθα.

185 921 250 981 ἄλλ’
265 922 297 982 οὔ
307 922 361 1003 γάρ
372 949 400 981 τι
411 923 524 1001 προέχει
534 921 641 982 τούτων·
647 923 860 997 ἐπιμεμνῆσθαι·
876 924 987 1005 καὶγὰρ

185 1008 220 1069 ἂν
233 1011 353 1089 χρηστοὶ
367 1010 431 1070 τότε
449 1009 539 1074 ἐόντες
558 1009 639 1069 ῶιίτοὶ
657 1015 705 1070 νῦν
718 1009 752 1069 ἂν
766 1011 818 1070 εἶεν
832 1011 988 1088 φλαυρότε-

185 1125 237 1176 ροι,
256 1100 300 1157 καὶ
318 1097 382 1158 τότε
401 1099 491 1162 ἐόντες
508 1103 631 1175 φλαῦροι
651 1102 699 1158 νῦν
718 1096 751 1158 ἂν
770 1098 824 1157 εἶεν
837 1097 986 1175 ἀμείνονες.

185 1191 313 1246 παλαιῶν
326 1188 378 1264 μέν
392 1213 439 1246 νυν
454 1189 539 1268 ἐργων
557 1185 621 1250 ἅλις
638 1188 717 1247 ἐστω.
738 1187 808 1264 ήμῖν
821 1186 851 1245 δὲ
865 1191 889 1245 εἰ
901 1187 988 1263 μηδὲν

187 1274 261 1334 ἄλλο
281 1277 342 1334 ἐστὶ
359 1274 585 1356 ἀποδεδεγμένον,
602 1275 697 1352 ῶσπερ
712 1276 773 1334 ἐστὶ
786 1273 884 1333 πολλά
897 1275 988 1333 τεκαὶ

186 1362 215 1422 εὖ
232 1365 331 1442 ἔχοντα
345 1367 369 1422 εί
383 1363 474 1422 τέοισι
487 1364 533 1422 καὶ
546 1362 665 1422 ἄλλοισι
678 1361 831 1438 Ἑλλήνων,
846 1361 923 1420 άλλά
941 1362 988 1420 καὶ

186 1449 242 1510 άπά
262 1455 312 1511 τοῦ
332 1457 362 1511 ἐν
382 1453 536 1529 Μαραθῶνι
557 1455 638 1533 ἔργου
658 1451 733 1522 άξιοί
752 1456 827 1527 εἰμεν
847 1453 931 1509 τοῦτο
953 1446 987 1510 τά

185 1540 269 1617 γέρας
288 1541 368 1618 ἐχειν,
391 1541 436 1599 καὶ
457 1540 533 1600 ἄλλα
553 1542 623 1617 πρός
642 1539 740 1618 τούτῳ·
770 1539 867 1601 οἵτινες
889 1542 988 1614 μοῦνοι

186 1627 330 1703 Ἑλλήνων
346 1627 380 1703 δή
395 1629 661 1707 μουνομαχήσαντες
676 1632 715 1706 τῷ
731 1628 840 1705 Πέρσῃ,
855 1627 900 1684 καὶ
918 1628 988 1707 ἔργῳ

185 1715 311 1796 τοσουτῳ
330 1716 563 1796 ἐπιχειρήσαντες,
587 1715 808 1796 περιεγενόμεθα,
833 1715 878 1773 καὶ
901 1714 987 1791 ἐνική·

186 1829 277 1881 σαμεν
298 1804 377 1865 ἐθνεα
401 1805 432 1875 ἐξ
455 1831 486 1865 τε
510 1807 555 1864 καὶ
578 1803 793 1881 τεσσεράκοντα.
822 1801 865 1880 ἆρ’
889 1801 922 1862 οὗ
949 1804 986 1862 δί-

187 1893 263 1953 καιοί
294 1897 369 1970 εἶμεν
395 1895 467 1972 ἐχειν
494 1894 597 1970 ταύτην
623 1893 674 1969 τήν
700 1892 735 1952 τά
753 1918 779 1952 ιν
805 1890 861 1951 άπό
886 1892 987 1952 τούτου

185 1981 288 2058 μούνου
315 1985 365 2042 τοῦ
395 1981 488 2059 ἐργου;
524 1981 590 2041 ἀλλ’
619 1979 651 2040 οὗ
679 1981 734 2061 γάρ
764 1985 793 2040 ἐν
821 1983 859 2058 τῷ
890 1981 987 2060 τοιῶδε

185 2069 279 2139 τάξιος
300 2070 389 2129 εἵνεκα
410 2071 572 2142 στασιάζειν
592 2070 699 2146 πρέπει,
720 2067 813 2145 άρτιοί
831 2071 906 2144 εἰμεν
928 2071 987 2128 πεί-

186 2159 286 2218 θεσθαι
303 2157 377 2234 ῶμῖν,
392 2157 413 2217 ὦ
431 2158 653 2236 Λακεδαιμόνιοι,
669 2158 712 2217 ἶνα
731 2157 818 2216 δοκέει
842 2157 988 2232 ἐπιτηδειό-

185 2271 269 2305 τατον
282 2245 369 2322 ἡμέας
383 2246 452 2306 εἶναι
465 2247 588 2316 ἑστάναι,
604 2247 649 2305 καὶ
663 2245 721 2305 κατ’
737 2245 874 2308 οὕστινας·
896 2245 936 2303 πά

185 2332 240 2412 γάρ
261 2335 424 2413 τεταγμένοι
447 2335 640 2412 πειρησόμεθα
664 2333 733 2393 εἶναι
754 2334 883 2412 χρηστοί.
926 2334 987 2410 ἐξή-

185 2421 285 2501 γέεσθε
304 2420 333 2478 δέ
352 2420 386 2484 ὦς
405 2421 604 2498 πεισομένων.”
618 2425 644 2481 οἱ
657 2424 708 2498 μέν
721 2425 809 2480 ταῦτα
823 2419 987 2497 ἀμείβοντο·
1039 2465 1044 2478 .

186 2508 409 2584 Λακεδαιμονίων
431 2510 460 2569 δέ
485 2509 613 2586 ἀνέβωσε
636 2509 709 2570 ἅπαν
735 2509 768 2568 τό
796 2509 988 2586 στρατόπεδον

186 2595 349 2673 Ἀθηναίους
362 2595 579 2673 ἀξιονικοτέρους
598 2598 665 2656 εἶναι
682 2599 754 2676 ἐχειν
772 2597 806 2656 τό
821 2597 901 2673 κέρας
913 2596 988 2676 ἥπερ

185 2684 330 2762 Ἀρκάδας.
373 2684 442 2744 οὕτω
463 2686 496 2761 δή
516 2688 601 2764 ἔσχον
618 2689 644 2744 οἱ
660 2685 811 2762 Ἀθηναῖοι,
827 2685 873 2743 καὶ
888 2683 987 2762 ῶπερε-

184 2774 311 2850 βάλοντο
323 2773 388 2836 τούς
401 2774 546 2854 Τεγεήτας.

138 2864 176 2920 28
225 2861 307 2922 Μετά
328 2862 357 2920 δέ
377 2866 471 2932 ταῦτα,
494 2861 650 2921 ἐτάσσοντο
670 2856 722 2920 ὦδε
742 2863 769 2920 οἱ
790 2863 988 2936 ἐπιφοιτῶντές

186 2975 217 3008 τε
238 2951 284 3007 καὶ
305 2953 331 3008 οἱ
350 2947 440 3027 α’ρχήν
457 2949 585 3012 ἐλθόντες
602 2948 755 3024 Ἑλλήνων·
775 2947 808 3009 τό
826 2950 878 3026 μέν
895 2947 988 3018 δεξιόν

185 3037 265 3112 κέρας
284 3037 359 3112 εἶχον
379 3036 603 3111 Λακεδαιμονίων
623 3035 726 3113 μύριοι·
747 3035 851 3096 τούτων
871 3035 901 3094 δέ
921 3037 988 3100 τούς

185 3124 435 3200 πεντακισχιλίους,
469 3122 563 3185 ἐόντας
597 3124 780 3200 Σπαρτιήτας,
815 3124 988 3200 ἐφύλασσον

185 3209 264 3281 ψιλοὶ
283 3213 338 3266 τῶν
356 3210 489 3268 εἱλωτέων
505 3213 728 3290 πεντακισχίλιοι
749 3212 795 3270 καὶ
815 3212 986 3289 τρισμύριοι,

184 3293 246 3366 περὶ
269 3291 354 3368 ἄνδρα
376 3294 494 3354 ἕκαστον
522 3298 590 3354 ἑπτά
614 3300 785 3377 τεταγμένοι.
826 3303 987 3378 προσεχέας
