2282 3550
163 145 305 210 κου-ιω]
484 145 637 194 omma,
667 133 669 138 ‘
917 148 964 194 ιω

162 231 190 290 ές
212 225 266 303 τὴν
289 228 400 286 ἑωυτοῦ·
431 225 463 286 τά
488 227 613 286 ἐνθεῦτεν
637 225 666 284 δὲ
693 226 757 302 περὶ
785 227 834 300 τῆς
861 224 965 285 ἐκείνου

160 314 308 374 ποιέεσθαι
321 312 374 391 ἤδη
386 313 436 374 τδν
448 313 542 395 ἀγῶνα
552 315 672 374 ἐκέλευε.
700 312 802 390 ταύτης
815 313 845 372 δὲ
856 313 965 393 εἴχοντο

160 406 211 478 τῆς
223 402 334 484 γνώμης
348 403 393 460 καὶ
413 403 650 478 Πελοποννησίων
662 405 717 462 τών
730 399 827 462 άλλων
840 403 867 462 οἱ
880 427 964 480 στρα-

160 491 252 572 τηγοί.
283 489 332 554 Ὡς
344 489 374 550 δὲ
388 491 473 568 ἔμαθε
486 489 530 551 ὅτι
544 489 577 550 οὔ
589 490 682 550 πείσει
693 488 758 552 ταώς
770 515 804 570 γε
816 489 944 554 πολλοῦς
954 492 1010 551 109

160 578 266 640 πλώειν
279 583 307 643 ε’ς
318 577 370 640 τάν
382 577 599 654 Ἑλλήσποντον
615 577 631 638 ά
648 577 867 654 Θεμιστοκλέης,
881 604 963 654 μετα-

160 665 261 742 βαλών
284 665 356 744 πρδς
374 665 439 730 τούς
458 663 741 742 Ἀθηναίους-οὗτοι
760 665 815 746 γάρ
836 665 964 742 μάλιστα

161 753 372 835 ἐκπεφευγότων
390 754 595 830 περιημέκτεον,
610 753 732 831 ὁρμέατό
750 777 780 812 τε
794 758 822 816 ές
838 752 887 813 τάν
899 753 964 812 Ἑλ-

160 841 323 917 λήσποντον
336 841 441 902 πλώειν
454 843 500 900 καὶ
514 842 559 901 ε’πὶ
570 842 668 918 σφέων
678 841 768 901 αὐτῶν
777 840 964 918 βαλλόμενοι,

161 932 184 988 εί
198 927 287 989 ὧλλοι
300 929 340 1006 μή
353 930 631 1011 βουλοίατο-ἔλεγέ
643 936 699 1006 σφι
709 929 784 989 τάδε·
800 939 817 963 “
826 929 872 988 καὶ
882 928 965 992 αὐτός

159 1015 213 1094 ἤδη
226 1022 365 1077 πολλοῖσι
378 1017 579 1098 παρεγενόμην,
594 1019 640 1076 καὶ
653 1021 753 1096 πολλῷ
766 1017 844 1076 πλέω
857 1016 964 1093 ἀκήκοα

160 1105 253 1166 τοιάδε
268 1106 410 1187 γενέσθαι·
431 1104 532 1183 ἀνδρας
545 1111 573 1170 ές
586 1105 739 1187 ἀναγκαίην
756 1104 964 1181 ἀπειληθέντας,

159 1194 351 1304 νενικημένους
368 1193 568 1274 ἀναμάχεσθαί
580 1219 611 1254 τε
628 1218 674 1252 και
664 1192 948 1270 ἀναλαμβάνειν
913 1217 965 1270 την

159 1283 297 1360 προτέρην
307 1281 455 1358 κακότητα
468 1282 549 1392 ἡμεῖς
562 1282 599 1352 δε,
614 1281 781 1362 (ευρημα
744 1308 799 1362 γαρ
811 1280 964 1358 ειρήκαμεν

159 1368 247 1444 ἡμέας
265 1396 297 1430 τε
319 1369 418 1435 αὐτοῦς
440 1371 485 1429 καὶ
506 1369 558 1446 τήν
577 1369 713 1440 Ελλάδα,
737 1370 822 1446 νέφος
842 1373 963 1430 τοσοῦτο

160 1456 310 1535 ἀνθρώπων
333 1457 528 1539 ἀνωσάμενοι)
549 1485 589 1536 μη
581 1457 752 1535 διώκωμεν
775 1456 874 1536 ἀνδρας
896 1459 962 1534 φεύ-

163 1567 269 1624 γοντας·
296 1547 362 1607 τάδε
382 1547 437 1628 γάρ
459 1546 507 1606 οὐκ
528 1546 608 1624 ἡμεῖς
629 1546 869 1628 κατεργασάμεθα,
886 1546 963 1606 ἀλλά

161 1633 221 1693 θεοί
238 1660 269 1694 τε
290 1636 336 1694 καὶ
355 1633 449 1712 ἥρωες,
471 1634 497 1694 οἳ
518 1634 681 1712 ἐφθόνησαν
694 1634 780 1713 ἄνδρα
801 1636 847 1695 ἕνα
859 1640 915 1743 τὴς
932 1661 963 1694 τε

160 1718 258 1798 Ἀσίης
274 1724 320 1782 καὶ
336 1726 387 1799 τῆς
402 1722 538 1800 Εὐρώπης
556 1722 783 1799 βασιλεῦσαι,’
755 1750 835 1784 εοντα
849 1722 964 1782 ἀνόσιόν

160 1834 191 1868 τε
204 1811 251 1870 καὶ
264 1811 438 1871 ἀτάσθαλον·
460 1811 491 1876 ὃς
503 1811 540 1872 τά
552 1837 583 1871 τε
597 1812 642 1889 ἷρά
657 1812 703 1870 καὶ
715 1811 751 1871 τά
765 1812 847 1870 ίδια’
835 1837 864 1870 εν
878 1810 963 1889 ὁμοίω

161 1899 292 1970 ε’ποιέετο,
307 1898 446 1977 ἐμπιπράς
462 1925 493 1959 τε
512 1901 558 1958 καὶ
572 1900 815 1976 καταβάλλων
776 1926 832 1960 των
847 1899 963 1958 θεῶν
928 1925 964 1958 τα

160 1983 320 2066 ἀγάλματα·
348 1986 378 2050 ὃς
399 1987 445 2046 καὶ
470 1985 523 2064 τὴν
557 1987 709 2048 θάλασσαν
743 1987 962 2067 ἀπεμαστίγωσε

160 2073 245 2137 πέδας
264 2101 295 2134 τε
316 2079 425 2151 κατῆκε.
468 2075 533 2135 ἀλλ’
555 2075 584 2135 εὖ
604 2075 660 2157 γάρ
682 2078 739 2154 ἔχει
760 2079 787 2138 ές
807 2075 840 2134 τά
859 2075 963 2152 παρεόν

160 2160 235 2237 ἡμῖν,
250 2165 299 2223 νῦν
311 2165 363 2240 μέν
378 2169 406 2224 έν
419 2163 584 2242 τῇἙλλάδι
598 2164 814 2240 καταμείναντας
826 2163 918 2240 ἡμέων
930 2189 961 2223 τε

160 2248 249 2310 αάτῶν
263 2253 464 2328 ἐπιμεληθῆναι
478 2252 524 2310 καὶ
537 2256 592 2312 τῶν
605 2252 740 2312 οἰκετέων·
762 2253 810 2311 καί
820 2278 861 2315 τις
876 2254 963 2329 οἰκίην

159 2363 191 2398 τε
212 2337 426 2400 ἀναπλασάσθω
449 2340 495 2398 καὶ
516 2339 625 2416 σπόρου
648 2339 754 2403 ἀνακῶς
781 2342 874 2420 έχέτω,
895 2367 962 2402 παν-

159 2427 260 2491 τελέως
281 2426 427 2490 ἀπελάσας
445 2429 495 2489 τόν
521 2428 681 2507 βάρβαρον·
714 2427 772 2506 ἅμα
795 2430 824 2489 δὲ
844 2434 883 2508 τῷ
904 2432 963 2507 έαρι

161 2517 360 2594 καταπλέωμεν
374 2518 419 2576 ε’πὶ
432 2516 648 2593 Ἑλλησπόντου
662 2519 708 2577 καὶ
717 2516 846 2593 Ἰωνίης.”
875 2523 963 2578 ταῦτα

161 2604 240 2685 ἔλεγε
257 2603 403 2681 ἀποθήκην
420 2607 534 2683 μέλλων
547 2604 719 2680 ποιήσεσθαι
733 2611 761 2668 ές
773 2606 823 2666 τὸν
837 2605 961 2682 Πέρσεω·

161 2691 213 2763 ἶνα,
237 2691 272 2768 ἣν
295 2691 349 2770 εἶρα
367 2694 397 2754 τί
415 2720 463 2771 μιν
487 2693 693 2772 καταλαμβάνῃ
721 2693 791 2770 πρός
810 2691 963 2769 Ἀθηναίων

159 2777 257 2852 πάθος,
272 2782 323 2860 ἔχη
336 2781 534 2858 ἀποστροφήν·
556 2781 644 2858 τάπερ
658 2780 694 2841 ὧν
709 2781 754 2839 καὶ
768 2781 884 2860 ἐγένετο.

201 2871 410 2946 Θεμιστοκλέης
422 2873 473 2946 μὲν
485 2874 574 2930 ταῦτα
587 2870 677 2949 λέγων
691 2869 838 2944 διέβαλλε·
858 2866 940 2943 Ἀθη·
953 2870 1009 2928 110

160 2958 232 3014 ναῖοι
250 2957 279 3014 δὲ
298 2959 450 3017 ἐπείθοντο·
472 2957 566 3033 ε’πειδὴ
579 2957 644 3037 γάρ,
660 2958 705 3015 καὶ
718 2955 855 3033 πρότερον
869 2955 961 3037 δεδογ-

159 3042 242 3119 μένος
255 3044 325 3104 είναι
337 3045 438 3122 σοφάς,
453 3046 544 3122 ε’φάνη
563 3046 614 3105 ε’ών
628 3044 752 3120 ἀληθέως
765 3043 860 3120 σοφός
872 3070 903 3104 τε
917 3044 963 3103 καὶ

159 3127 305 3207 εὔβουλος,
328 3133 436 3196 πάντως
455 3136 561 3208 ἑτοῖμοι
580 3131 657 3206 ἦσαν
675 3132 787 3210 λέγοντι
804 3131 962 3191 πείθεσθαι.

159 3216 195 3282 ὦς
220 3219 250 3278 δὲ
277 3219 356 3280 οὗτοί
376 3223 403 3280 οἱ
427 3219 632 3300 ἀνεγνωσμένοι
656 3217 738 3293 ἦσαν,
767 3216 865 3278 αὐτίκα
891 3218 962 3293 μετά

160 3310 245 3366 ταῦτα
273 3307 289 3368 ὁ
316 3307 526 3383 Θεμιστοκλέης
553 3304 653 3379 ἄνδρας
674 3304 821 3380 ἀπέπεμπε
849 3305 963 3382 ἔχοντας
