2276 3554
136 149 249 210 92-97]
495 136 608 196 σνκτο.
913 147 943 194 οι

136 231 191 306 γῆν
204 253 235 286 τε
249 227 296 286 καὶ
309 226 391 306 ὕδωρ.
433 227 595 305 Μαρδόνιον
612 228 664 303 μέν
678 225 712 302 δή
727 225 860 303 φλαύρως
873 224 942 301 πρή-

135 315 223 385 ξαντα
243 319 282 394 τῷ
302 315 398 396 στόλιρ
411 314 551 393 παραλύει
570 319 621 390 τῆς
634 314 813 394 στρατηγίης·
834 312 942 376 ἄλλους

135 402 167 461 δὲ
186 403 365 484 στρατηγοδς
378 403 515 472 ἀποδέξας
528 401 679 462 ἀπέστειλε
696 403 744 460 ε’πί
754 426 785 460 τε
798 399 941 477 Ἐρέτριαν

135 491 183 549 καὶ
196 490 327 567 Ἀθήνας,
343 492 432 556 Δᾶτίν
452 516 483 549 τε
498 489 580 550 ἐόντα
593 489 693 565 Μῆδον
713 489 800 570 γένος,
815 488 861 547 καὶ
876 487 940 566 Ἀρ·

133 580 278 656 ταφέρνεα
298 579 348 639 τόν
364 578 570 656 Ἀρταφέρνεος
590 577 677 636 παῖδα
697 576 863 652 ἀδελφιδέον
879 581 941 636 ἐωυ-

133 671 194 724 τοῦ·
221 666 412 743 ἐντειλάμενος
434 666 463 726 δὲ
484 666 632 743 άπέπέμπε
654 664 941 742 ἐξανδραποδίσαντας

133 752 258 829 Ἀθήνας
279 755 325 814 καὶ
345 754 497 830 Ἐρέτριαν,
511 754 589 835 άγειν
605 757 695 832 έωυτῷ
715 757 742 815 ἐς
760 751 826 824 ὄψιν
842 752 878 811 τά
894 751 939 812 άν-

133 841 272 918 δράποδα.
313 842 362 906 Ὠς
375 843 405 902 δέ
419 846 446 902 οἱ
459 842 615 922 στρατηγοὶ
629 839 705 902 οὗτοι
726 844 753 902 οἶ
773 839 939 918 α’ποδεχθέν-
949 844 986 900 95

132 955 188 998 τες,
202 930 387 1008 πορευόμενοι
404 930 481 1008 παρά
494 931 634 1005 βασιλέος
647 929 781 990 α’πίκοντο
794 932 844 1004 τῆς
858 932 939 986 Κιλι-

133 1018 196 1094 κίης
207 1025 235 1082 ές
247 1020 281 1080 τό
294 1019 413 1096 Ἀλήϊον
425 1020 528 1089 πεδίον,
540 1018 599 1096 ἅμα
613 1017 745 1100 α’γόμενοι
758 1018 842 1088 πεζόν
855 1042 939 1093 στρα-

131 1105 184 1167 τόν
202 1108 315 1168 πολλόν
331 1135 362 1168 τε
383 1110 429 1168 καὶ
446 1107 475 1167 εὖ
489 1107 704 1184 ἐσκευασμένον,
720 1107 838 1166 ἐνθαῦτα
855 1131 939 1182 στρα-

67 1265 72 1274 1
131 1195 380 1272 τοπεδευομένοισι
394 1196 501 1272 ἐπῆλθε
514 1197 566 1272 μὲν
580 1193 595 1254 ὅ
610 1194 736 1257 ναυτικάς
748 1190 804 1256 πᾶς
818 1193 939 1269 στρατός

133 1279 150 1341 ό
164 1285 324 1362 ἐπιταχθεὶς
338 1283 492 1344 ἑκάστοισι·
513 1284 699 1364 παρεγένοντο
713 1281 798 1341 δὲκαὶ
812 1284 842 1339 αἶ
856 1283 939 1339 ἱππα-

131 1371 223 1450 γωγοὶ
237 1373 302 1442 νέες,
316 1372 366 1436 τάς
379 1376 417 1450 τῷ
429 1373 555 1450 προτέρῳ
569 1373 622 1430 ἐτεῖ
642 1374 758 1446 προεῖπε
778 1372 856 1430 τοῖσι
876 1373 938 1429 ἐωυ-

131 1463 184 1518 τοῦ
205 1460 419 1538 δασμοφόροισι
433 1465 551 1536 Δαρεῖος
572 1459 735 1537 ἑτοιμάζειν.
778 1459 937 1536 ἐσβαλόμε·

131 1573 176 1607 νοι
189 1549 221 1607 δὲ
232 1548 298 1612 τούς
312 1550 412 1612 ἵππους
426 1555 453 1612 ἐς
466 1547 568 1611 ταότας
583 1549 628 1608 καὶ
640 1548 691 1608 τόν
711 1549 795 1620 πεζόν
815 1547 937 1624 στρατόν

132 1637 347 1713 ἐσβιβάσαντες
361 1642 388 1700 ἐς
407 1637 458 1700 τάς
478 1637 548 1708 νέας,
563 1637 663 1696 ἔπλεον
682 1637 846 1715 ἑξακοσίῃσι
861 1635 937 1713 τριή·

131 1749 197 1800 ρεσι
212 1729 239 1787 ἐς
252 1724 304 1800 τήν
316 1725 431 1802 Ἰωνίην.
474 1725 598 1785 ἐνθεῦτεν
612 1725 641 1784 δὲ
660 1723 693 1784 οὗ
706 1725 782 1802 παρά
795 1724 847 1800 τήν
860 1723 937 1800 ἤπει-

131 1838 183 1888 ρον
204 1812 281 1890 εἶχον
293 1813 344 1876 τάς
357 1814 420 1876 νέας
434 1812 477 1873 ίθι)
491 1817 541 1872 τοῦ
553 1839 585 1873 τε
598 1813 814 1890 Ἑλλησπόντου
829 1814 874 1870 καὶ
887 1817 937 1888 τής

131 1901 264 1976 Θρηίκης·
286 1899 352 1959 ἀλλ’
366 1905 397 1960 ἐκ
411 1901 508 1977 Σάμου
528 1901 705 1979 όρμεάμενοι,
719 1900 796 1978 παρά
815 1927 846 1960 τε
866 1899 937 1960 Ἰκά-

131 2014 195 2066 ριον
208 1989 255 2046 καὶ
269 1988 315 2047 διά
328 1987 422 2064 νήσων
435 1989 485 2050 τόν
499 1989 589 2050 πλόον
599 1993 749 2061 ἐποιεῦντο,
761 1989 796 2051 ὥς
808 1990 860 2064 μὲν
874 1990 936 2066 ἐμοὶ

132 2076 230 2150 δοκέει,
246 2077 387 2141 δείσαντες
403 2077 532 2155 μάλιστα
547 2077 597 2139 τόν
609 2077 765 2155 περίπλοον
784 2080 834 2136 τοῦ
847 2075 934 2148 Ἀθω,

131 2165 177 2226 ὅτι
190 2169 229 2244 τῷ
241 2167 367 2245 προτέρῳ
386 2167 441 2225 έτεῖ
460 2167 619 2244 ποιεύμενοι
638 2165 725 2244 ταότη
746 2165 797 2241 τήν
818 2166 934 2242 κομιδήν

130 2254 263 2334 μεγάλως
275 2255 499 2330 προσέπταισαν·
520 2253 591 2331 πρός
605 2254 635 2314 δέ
648 2254 694 2313 καὶ
706 2253 725 2330 ἦ
739 2253 834 2323 Νάξος
844 2256 936 2330 σφέας

130 2339 280 2422 ἠνάγκαζε,
294 2340 431 2419 πρότερον
450 2341 498 2402 οὐκ
521 2342 642 2402 ἁλοῦσα.
683 2340 763 2402 Ἐπεὶ
783 2343 821 2414 δέ,
840 2349 870 2402 ἐκ
883 2349 933 2403 τοῦ
945 2347 981 2404 96

130 2427 252 2507 Ἰκαρίου
279 2429 419 2511 πελάγεος
445 2429 673 2512 ηροσφερόμενοι
699 2432 873 2508 προσέμιξαν
899 2436 935 2512 τῇ

130 2518 226 2598 Νάξῳ,
248 2519 305 2599 (ἐπὶ
327 2517 432 2594 ταύτην
452 2517 508 2600 γάρ
533 2519 567 2594 δή
590 2519 702 2596 πρώτην
718 2524 830 2600 ἐπεῖχον
850 2547 935 2598 στρα-

129 2606 262 2666 τεύεσθαι
283 2609 311 2666 οἱ
334 2607 452 2683 Πέρσαι,
472 2608 643 2684 μεμνημένοι
663 2611 718 2668 τῶν
737 2609 895 2689 πρότερον,)
909 2613 935 2670 οἱ

129 2693 235 2764 Νάξιοι
255 2694 326 2772 πρός
339 2694 375 2754 τά
389 2693 473 2771 οὔρεα
489 2696 600 2774 οἴχοντο
615 2695 772 2777 φεύγοντες,
787 2697 850 2756 οὐδὲ
870 2698 938 2758 ὑπέ.

128 2807 237 2860 μειναν·
260 2787 287 2843 οἱ
303 2783 332 2842 δὲ
347 2783 459 2860 Πέρσαι
479 2782 750 2862 ἀνδραποδισάμενοι
770 2785 835 2848 τοιλς
856 2791 933 2846 κατέ-

129 2873 227 2948 λαβον
245 2871 344 2942 αὐτῶν,
359 2873 516 2949 ἐνέπρησαν
532 2874 578 2931 καὶ
594 2872 629 2932 τά
649 2874 694 2950 ἱρά
714 2875 759 2933 καὶ
774 2873 826 2950 τήν
838 2874 933 2936 πόλιν·

128 2962 220 3019 ταῦτα
242 2959 272 3018 δὲ
293 2959 469 3036 ποιήσαντες,
493 2961 538 3020 ε’πὶ
561 2960 612 3024 τοὶς
635 2960 726 3025 άλλας
746 2960 849 3040 νήσους
870 2961 934 3024 ἀνά-

129 3074 225 3129 γοντο.

170 3135 221 3197 Ἑν
242 3133 265 3216 ᾧ
286 3136 316 3196 δὲ
337 3134 414 3196 οὗτοι
435 3142 524 3197 ταῦτα
541 3141 657 3208 ἐποίευν,
680 3142 707 3197 οἱ
729 3139 839 3212 Δήλιοι,
861 3144 933 3198 ἐκλι-
943 3143 978 3200 97

130 3225 231 3288 πάντες
250 3225 296 3284 καὶ
315 3224 394 3286 αὐτοὶ
412 3225 464 3300 τήν
479 3231 585 3300 Δῆλον,
603 3227 714 3301 οἴχοντο
736 3224 885 3303 φεύγοντες
906 3233 933 3289 ἐς

128 3317 232 3390 Τῆνον·
262 3317 313 3389 τῆς
338 3313 368 3372 δὲ
395 3317 531 3389 στρατιῆς
557 3309 777 3383 καταπλεούσης,
804 3310 820 3370 ὁ
847 3317 933 3376 Δᾶτις
