2282 3550
156 153 266 218 ⁵1-⁵⁶]
493 153 645 201 οτνκατκ.
908 152 956 201 239

155 232 207 308 τήν
221 238 249 293 έν
261 237 298 312 τῇ
310 232 415 312 ήπείριρ
430 235 560 314 γενέσθαι
580 232 635 292 ύπό
654 233 795 312 Πέρσησι·
815 232 958 310 ἔμπροσθε

156 319 194 380 ὦν
208 321 265 398 πρό
281 325 332 397 τῆς
348 319 524 398 ἀκροπόλιος,
541 321 643 381 ὄπισθε
660 321 690 379 δέ
709 325 764 380 τῶν
784 321 894 380 πυλέων
912 321 959 379 καὶ

155 412 206 484 τῆς
218 408 325 484 α’νόδου,
340 413 376 488 τῇ
390 409 423 485 δή
437 409 500 470 ούτε
512 435 555 472 τις
568 408 717 486 ἐφύλασσε
731 407 787 468 οὔτ’
800 407 835 469 ἂν
849 407 956 484 ἤλπισε

156 496 197 573 μή
217 498 283 557 κοτέ
300 523 343 561 τις
358 498 430 557 κατά
445 502 535 557 ταῦτα
551 496 674 573 ἀναβαίη
693 495 851 574 ἀνθρώπων,
870 497 958 576 ταύτῃ

157 583 303 662 άνέβησάν
312 611 384 648 τινες
396 584 468 644 κατά
479 585 512 646 τό
527 584 587 663 ἱρόν
599 589 650 661 τῆς
662 583 809 661 Κέκροπος
822 585 960 666 θυγατρός

156 671 324 753 Ἀγλαύρου,
336 673 479 750 καίτοιπερ
494 672 675 750 ἀποκρήμνου
689 672 783 736 ε’όντας
794 677 844 732 τοῦ
858 672 959 752 χώρου·

157 759 193 823 οἷς
212 760 243 820 δὲ
263 760 336 820 εἶδον
354 759 453 825 αύτούς
473 760 689 837 ἀναβεβηκότας
707 763 734 819 οἱ
752 759 896 836 Ἀθηναῖοι
914 763 959 821 ε’πῖ

157 848 208 924 τήν
227 847 391 925 ἀκρόπολιν,
412 852 439 909 οἶ
458 851 511 926 μὲν
531 850 675 926 ἐρρίπτεον
695 847 811 912 ἑωυτούς
824 847 895 908 κατά
908 853 958 909 τοῦ

156 937 263 1015 τείχεος
284 937 366 1008 κάτω,
380 938 427 997 καὶ
447 937 646 1014 διεφθείροντο,
663 939 690 996 οἱ
707 937 736 995 δὲ
750 941 778 1000 ές
791 936 824 996 τό
837 937 961 1018 μέγαρον

158 1026 340 1107 κατέφευγον·
361 1029 416 1086 τῶν
430 1025 460 1085 δὲ
474 1026 608 1102 Περσέων
622 1028 649 1085 οἱ
664 1023 876 1102 ἀναβεβηκότες
888 1029 961 1102 πρῶ-

157 1139 207 1173 τον
218 1116 271 1190 μὲν
284 1113 438 1191 ἐτράποντο
457 1115 527 1190 πρός
544 1112 595 1176 τοῖς
608 1113 707 1186 πύλας,
731 1113 832 1176 ταύτας
846 1113 875 1172 δὲ
888 1112 961 1173 οἶνοί-

158 1202 254 1271 ξαντες
273 1201 338 1266 τούς
360 1203 450 1267 ἱκέτας
472 1200 613 1278 ἐφόνευον·
643 1202 702 1260 ε’πεὶ
724 1201 755 1260 δέ
782 1208 839 1278 σφι
860 1201 961 1266 πάντες

158 1291 359 1368 κατέστρωντο,
373 1289 406 1351 τό
424 1291 484 1368 ἱράν
496 1290 675 1366 συλήσαντες
693 1290 851 1366 ε’νέπρησαν
864 1294 962 1351 πᾶσαν

158 1377 212 1454 τήν
224 1377 386 1456 α’κρόπολιν.

200 1467 282 1546 Σχών
296 1467 325 1526 δὲ
338 1467 495 1530 παντελέως
507 1466 558 1529 τάς
569 1465 690 1542 Ἀθήνας
708 1466 821 1542 Ξέρξης,
836 1466 959 1546 α’πέπεμ-
970 1471 988 1525 5
992 1470 1009 1526 4

159 1563 196 1632 ψε
209 1559 236 1619 ές
250 1556 348 1619 Σοῦσα
363 1552 486 1636 ἄγγελον
501 1555 587 1613 ἱππέα
605 1552 771 1633 Ἀρταβάνῳ
789 1553 962 1636 ἀγγελέοντα

158 1642 211 1720 τήν
222 1642 384 1720 παρεοῦσάν
396 1649 453 1720 σφι
467 1642 626 1720 εὐπρηξίην.
667 1641 724 1702 άπὸ
737 1642 767 1702 δὲ
779 1647 829 1720 τῆς
842 1645 964 1721 πέμψιος

159 1735 210 1792 τοῦ
230 1730 347 1810 κήρυκος
367 1732 479 1811 δευτέρη
499 1731 589 1809 ἡμέρῃ
611 1733 791 1812 συγκαλέσας
810 1731 964 1808 Ἀθηναίων

159 1819 224 1883 τούς
244 1819 379 1902 φυγάδας,
400 1823 488 1898 ἑωυτῷ
508 1819 538 1879 δὲ
562 1820 719 1895 ἑπομένους,
742 1819 851 1878 ε’κέλευε
869 1819 963 1898 τρόπῳ

159 1911 198 1988 τῷ
217 1909 346 1989 σφετέρῳ
367 1910 452 1968 θῦσαι
471 1908 507 1968 τοὶ
528 1908 574 1985 ἱρά
593 1907 752 1985 ἀναβάντας
771 1912 798 1970 ές
813 1906 865 1981 τήν
883 1905 963 1984 άκρά-

159 2001 255 2057 πολιν·
277 1997 331 2056 ε’ίτε
344 1996 378 2072 δή
390 1995 426 2056 ὦν
440 1994 505 2073 ὄψιν
517 1996 579 2056 τινοῖ
593 1995 655 2056 ἴδιόν
666 1996 793 2056 ε’νυπνίου
804 1995 964 2055 ε’νετέλλετα

159 2089 256 2156 ταῦτα,
275 2086 329 2145 εἴτε
347 2085 393 2144 καὶ
412 2084 540 2161 ε’νθύμιόν
557 2087 584 2144 οἱ
603 2085 711 2165 ἐγένετο
730 2083 916 2160 ἐμπρήσαντα
928 2083 962 2145 τά

161 2174 231 2252 ἱρόν·
253 2177 280 2234 οἱ
296 2174 325 2233 δὲ
341 2172 464 2254 φυγάδες
481 2177 536 2232 τῶν
549 2172 703 2249 Ἀθηναίων
721 2172 859 2248 ἐποίησαν
872 2172 908 2232 τά
922 2178 963 2233 ε’ν-

159 2263 326 2338 τεταλμένα.
367 2265 425 2322 Τοῦ
451 2261 481 2320 δὲ
509 2262 609 2322 εἵνεκεν
641 2260 747 2321 τούτων
773 2261 963 2338 Ιε’πεμνήσθην,
972 2266 1010 2322 55

161 2349 274 2427 φράσω·
298 2350 359 2410 ἔστι
380 2355 409 2410 έν
427 2353 464 2429 τῇ
485 2348 624 2427 άκροπόλι
640 2348 728 2428 ταύτῃ
746 2348 895 2430 Ἐρεχθέος
914 2355 964 2411 τοῦ

160 2439 292 2520 γηγενέος
310 2440 464 2520 λεγομένου
485 2437 555 2498 εἶναι
575 2437 646 2514 νηός,
666 2442 695 2497 ἔν
714 2442 753 2517 τῷ
769 2440 849 2515 ε’λαίη
867 2465 899 2498 τε
920 2440 965 2498 καὶ

161 2526 299 2586 θάλασσα
313 2527 361 2586 ἔνι·
381 2527 417 2586 τά
430 2525 517 2606 λόγος
529 2527 606 2602 παρά
618 2526 772 2602 Ἀθηναίων
787 2527 966 2586 Ποσειδέωνά

160 2640 192 2674 τε
205 2615 252 2674 καὶ
264 2613 416 2689 Ἀθηναίην
432 2615 578 2690 ἐρίσαντας
587 2615 650 2690 περὶ
660 2617 710 2689 τῆς
723 2613 815 2692 χώρης
827 2614 965 2689 μαρτύρια

162 2704 273 2763 θέσθαι·
306 2702 410 2779 ταύτην
431 2702 467 2762 ὧν
487 2702 538 2778 τήν
558 2703 655 2778 ε’λαίην
676 2701 736 2779 ἅμα
755 2705 794 2780 τῷ
814 2701 894 2780 ἄλλῳ
916 2705 965 2780 ἱρῷ

162 2791 304 2866 κατέλαβε
318 2792 514 2868 ἐμπρησθῆναι
526 2789 580 2850 ύπό
593 2795 648 2850 τῶν
667 2789 832 2866 βαρβάρων·
854 2788 966 2866 δευτέρη

162 2878 192 2938 δὲ
211 2877 302 2958 ήμέρη
322 2877 379 2938 άπό
399 2882 450 2955 τῆς
476 2878 640 2955 ἐμπρήσιος,
662 2877 816 2952 Ἀθηναίων
840 2879 867 2935 οἱ
892 2875 967 2937 θύειν

161 2965 217 3026 ύπδ
234 2967 375 3044 βασιλέος
394 2966 570 3044 κελευόμενοι
590 2965 625 3028 ὦς
643 2965 790 3041 α’νέβησαν
804 2969 831 3028 ές
843 2964 877 3024 τά
897 2963 965 3041 ἱρόν,

163 3053 238 3131 ὦρων
252 3055 387 3130 βλαστὸν
407 3060 437 3114 ἐκ
455 3057 505 3114 τοῦ
524 3054 674 3132 στελέχεος
692 3052 761 3113 ὅσον
779 3079 809 3112 τε
827 3055 967 3131 πηχυαῖον
1003 3050 1007 3056 ’

163 3143 415 3222 ἀναδεδραμηκότα.
458 3140 535 3202 οὗτοι
548 3142 600 3216 μέν
613 3167 661 3200 νυν
673 3144 761 3199 ταῦτα
776 3141 914 3215 ἔφρασαν.

205 3235 241 3292 Οἶ
262 3233 291 3292 δὲ
313 3238 341 3292 ε’ν
363 3233 503 3306 Σαλαμῖνι
513 3229 662 3300 Έλληνες,
682 3226 718 3288 ὥς
736 3231 792 3300 σφι
809 3225 966 3305 ἐξαγγέλθη
975 3226 1013 3283 56

165 3318 200 3384 κός
214 3321 281 3400 ἔσχε
292 3319 327 3381 τά
341 3317 406 3395 περὶ
418 3317 470 3392 τήν
482 3314 636 3390 Ἀθηναίων
649 3312 812 3386 ἀκρόπολιν,
828 3315 855 3373 ε’ς
867 3315 967 3370 τοσοῦ-
