2276 3554
158 141 204 188 112
460 139 643 188 τινυιοτοπ
895 136 958 200 [VI.

161 243 216 295 ρων
233 217 388 296 ἠρέσκοντο
409 223 436 279 οἱ
456 218 502 276 ἀπ’
516 218 654 293 Ἀθηνέων
671 217 825 299 ἀπιγμένοι,
841 217 887 275 καὶ
900 216 962 275 τού-

161 331 215 366 των
232 311 345 383 μιῖλλον
363 306 557 382 Ἱπποκλείδης
576 305 761 383 ὁΤισάνδρου
780 305 826 363 καὶ
844 303 901 363 κατ’
915 303 962 364 οἷν-

163 393 314 475 δραγαθίην
331 395 459 471 ἐκρίνετο,
474 395 520 453 καὶ
533 393 577 453 ὅτι
590 393 626 454 τά
640 393 755 454 άνέκαθε
768 397 844 452 τοῖσι
862 397 890 451 ἐν
904 399 963 452 Κο-
1008 397 1012 402 ’

116 484 173 541 129
182 482 266 562 ρίνθῳ
281 482 460 561 Κυψελίδῃσι
476 481 511 557 ῆν
528 482 685 560 προσήκων.
727 479 776 545 Ὡς
797 481 826 540 δέ
843 480 861 555 ῆ
883 481 963 558 κυρίη

163 571 272 651 ἐγένετο
291 573 346 630 τῶν
363 569 486 647 ἡμερέων
503 575 554 647 τῆς
569 597 601 630 τε
614 570 794 632 κατακλίσιος
806 572 856 628 τοῦ
868 567 963 648 γάμου

162 658 208 716 καὶ
222 657 359 733 ἐκφάσιος
372 657 456 717 αύτοῦ
470 659 665 728 Κλεισθένεος,
678 657 728 717 τδν
746 658 833 734 κρίνοι
849 661 878 714 ἐκ
894 656 962 716 πάν-

162 772 224 815 των,
239 745 327 808 θύσας
340 748 412 822 βοῦς
425 747 523 806 ἑκατὸν
535 745 551 806 ὅ
562 745 737 821 Κλεισθένης
751 744 850 823 εύιύχεε
863 742 964 808 αύτούς

161 858 193 893 τε
210 833 274 896 τούς
292 837 456 910 μνηστῆρας
475 835 521 892 καὶ
536 833 602 897 τούς
616 833 778 897 Σικυωνίους
793 831 907 894 πάντας·
927 831 964 896 οἷς

161 921 192 980 δέ
214 921 270 981 α’πὸ
292 921 403 982 δείπνου
426 922 561 1002 ἐγένοντο,
581 925 608 980 οἱ
629 925 786 998 μνηστῆρες
809 921 864 996 ἐριν
886 919 964 999 εἶχον

162 1008 241 1085 άμφί
260 1035 292 1068 τε
314 1013 437 1088 μουσικῇ
462 1009 508 1068 καὶ
529 1013 567 1088 τῷ
591 1009 732 1090 λεγομένῳ
756 1013 783 1072 ἐς
805 1007 838 1067 τύ
861 1008 963 1084 μέσον·

162 1097 314 1174 προϊούσης
334 1098 364 1157 δέ
383 1101 433 1173 τῆς
450 1097 559 1167 πύσιος,
575 1098 696 1175 κατέχων
710 1095 821 1156 πολλὰν
833 1094 899 1159 τούς
912 1095 962 1154 άλ-

162 1187 230 1248 λους
243 1185 258 1244 ὁ
271 1185 474 1261 Ἱπποκλείδης,
489 1186 599 1244 ἐκέλευέ
619 1189 645 1244 οἶ
665 1184 715 1244 τδν
736 1182 861 1260 αύλητῆν
875 1183 963 1259 αύλῆ-

162 1299 213 1332 σαι
234 1275 393 1350 ἐμμέλειαν·
418 1274 583 1349 πειθομένου
605 1273 634 1332 δέ
655 1277 705 1332 τοῦ
723 1271 857 1348 αύλητέω,
878 1270 963 1350 ὀρχή-

162 1387 250 1419 σατο·
279 1360 327 1418 καί
346 1388 398 1424 κως
420 1365 508 1440 ἑωυτῷ
528 1364 580 1437 μέν
603 1360 727 1438 άρεστῶς
750 1358 873 1439 ὀρχέετο,
894 1359 910 1418 ὁ
933 1361 963 1420 δὲ

163 1449 338 1523 Κλεισθένης
351 1449 436 1525 ὁρέων
453 1448 522 1508 ὅλον
540 1449 573 1508 τύ
592 1452 710 1530 πρῆγμα
723 1448 870 1508 ύπόπτευε·
890 1445 963 1524 μετά

162 1537 201 1606 δέ,
212 1537 363 1615 ἐπισχώνά
377 1537 571 1614 Ἱπποκλείδης
580 1539 690 1616 χρόνον,
702 1537 811 1596 ἐκέλευέ
823 1563 884 1597 τινα
896 1537 963 1614 τρά-

162 1627 248 1695 πεζαν
262 1629 405 1685 ἐσενεῖκαι·
421 1625 594 1702 ἐσελθούσης
607 1626 637 1684 δέ
649 1630 699 1702 τῆς
712 1627 856 1702 τραπέζης,
865 1629 964 1701 πρῶτα

163 1715 214 1788 μέν
231 1712 272 1772 ἐπ’
286 1712 371 1789 αύτῆς
387 1712 532 1793 ὀρχήσατο
550 1713 696 1774 Λακωνικοὶ
717 1713 871 1792 σχημάτια·
891 1712 963 1790 μετά

124 1831 126 1834 ·
164 1801 201 1870 δέ,
216 1800 293 1860 άλλα
307 1801 429 1862 Ἀττικά·
450 1801 483 1861 τδ
505 1803 599 1879 τρίτον
620 1802 658 1872 δέ,
674 1801 726 1877 τῆν
748 1800 875 1876 κεφαλήν
895 1803 963 1878 ἐρεί-

164 1914 217 1951 σας
231 1890 277 1948 έπὶ
290 1889 341 1965 τῆν
360 1889 499 1966 τράπεζαν
519 1894 596 1948 τοῖσι
614 1891 733 1949 σκέλεσι
754 1889 962 1967 ἐχειρονόμησε·

165 1978 339 2053 Κλεισθένης
352 1978 390 2047 δὲ,
404 1978 439 2037 τά
452 1980 504 2054 μὲν
517 1981 613 2053 πρῶτα
627 1976 722 2036 καὶτὰ
740 1976 853 2054 δεύτερα
866 1976 963 2056 ὀρχεο-

162 2066 247 2141 μένου
266 2064 447 2145 άποστυγέων
462 2065 596 2147 γαμβρὸν
616 2064 651 2125 ἅν
671 2069 698 2124 οἶ
711 2066 750 2124 ἐτι
762 2066 894 2145 γενέσθαι
905 2065 963 2124 Ἱπ-

163 2153 320 2223 ποκλείδεα,
342 2154 388 2212 διαὶ
409 2153 460 2229 τήν
480 2179 512 2218 τε
532 2153 652 2232 ὄρχησιν
674 2155 719 2212 καὶ
740 2154 791 2229 τήν
815 2153 961 2228 α’ναιδείην,

164 2246 274 2321 κατεῖχε
295 2241 394 2300 ἐωυτδν
415 2240 447 2300 ού
460 2241 636 2319 βουλόμενος
653 2246 801 2322 ἐκραγῆναι
823 2247 849 2304 ἐς
868 2241 961 2302 αὐτόν·

166 2329 201 2393 ὦς
225 2330 254 2388 δὲ
277 2329 330 2388 εἶδε
353 2332 430 2388 τοῖσι
454 2331 571 2388 σκέλεσι
594 2329 844 2409 χειρονομήσαντα,
872 2330 963 2392 ούκέτι

164 2419 289 2498 κατέχειν
310 2417 458 2493 δυνάμενος
479 2417 547 2477 εἶπε·
569 2418 617 2477 “0⁹2
632 2422 686 2478 παῖ
700 2417 863 2495 Τισάνδρου,
877 2417 964 2496 α’πορ·

163 2505 258 2584 χήσαό
276 2531 309 2587 γε
327 2504 384 2582 μῆν
401 2504 451 2566 τᾶν
469 2505 586 2587 γάμον·”
607 2506 623 2566 ὁ
642 2506 671 2566 δέ
684 2505 877 2581 Ἱπποκλείδης
896 2505 963 2566 ύπο-

119 2595 174 2654 130
186 2594 286 2670 λαβών
300 2593 369 2653 εἶπε·
390 2603 408 2629 “
417 2593 449 2654 ού
461 2595 575 2670 φροντὶς
584 2593 790 2674 Ἱπποκλείδη.”
831 2593 887 2654 α’πὸ
901 2594 963 2654 τού-

164 2707 215 2742 του
234 2684 286 2758 μέν
306 2687 389 2742 τοῦτο
410 2681 600 2758 ούνομάζεται.
641 2683 816 2758 Κλεισθένης
832 2683 862 2742 δέ
878 2682 964 2763 σιγῆν

162 2769 360 2846 ποιησάμενος,
382 2770 458 2839 ἔλεξε
477 2775 504 2834 ἐς
521 2771 611 2847 μέσον
630 2771 706 2831 τάδε·
728 2770 848 2847 “ἆνδρες
863 2771 964 2835 παιδὸς

162 2861 213 2933 τῆς
227 2861 294 2933 ἐμῆς
306 2863 471 2936 μνηστῆρες,
488 2858 541 2939 ἐγιδ
557 2860 604 2918 καὶ
618 2859 723 2922 πάντας
736 2858 821 2934 ύμέας
838 2859 961 2928 ἐπαινέω,

164 2945 210 3004 καὶ
228 2949 315 3004 πᾶσιν
336 2945 410 3022 ύμῖν,
425 2950 449 3005 εἰ
467 2945 526 3005 οἶόν
543 2973 574 3006 τε
595 2948 645 3022 ε’ίη,
659 2947 824 3026 χαριζοίμην
842 2943 884 3015 ἂν,
898 2945 962 3022 μήτ’

165 3032 212 3091 ἕνα
232 3033 322 3109 ύμέων
345 3034 483 3110 ἐξαίρετον
504 3032 658 3110 άποκρίνων
674 3033 745 3110 μήτε
764 3033 829 3097 τούς
846 3034 963 3097 λοιπούς

163 3117 382 3196 ἀποδοκιμάζων·
404 3119 469 3180 ἀλλ’
486 3119 518 3179 ού
540 3121 594 3201 γάρ
617 3121 661 3181 οἶά
683 3123 714 3181 τέ
735 3127 797 3182 ἐστι
817 3125 883 3199 μιῆς
899 3123 963 3199 πέρι

164 3207 302 3282 παρθένου
315 3207 489 3282 βουλεύοντα
509 3212 580 3267 πᾶσι
598 3209 668 3268 κατὰ
682 3208 746 3269 νόον
759 3211 871 3280 ποιέειν,
885 3214 963 3269 τοῖσι

162 3295 215 3368 μέν
227 3293 316 3366 ύμέων
330 3293 581 3371 ἀπελαυνομένοισι
593 3297 673 3355 τοῦδε
686 3302 736 3356 τοῦ
749 3297 841 3378 γάμου
860 3298 962 3358 τάλαν·
