2250 3552
135 136 244 203 51-54]
437 139 624 187 KAmonn.
690 145 692 148 ·
892 137 935 188 τοι

134 220 240 278 πολλοὶ
265 216 499 277 ἀπαλλάσσοντο·
529 222 556 280 ἐς
576 219 628 293 μὲν
649 214 699 275 τόν
720 217 812 294 χῶρον
833 219 861 279 ἐς
887 213 936 275 τόν

135 307 277 366 συνέκειτο
295 305 344 364 ούκ
363 311 392 364 ἐν
410 303 463 384 νόῳ
482 305 598 384 ἔχοντες,
613 307 640 364 οἱ
653 304 690 373 δὲ,
705 303 740 366 οῖς
759 301 933 380 ἐκινήθησαν,

136 395 256 474 ἔφευγον
282 392 399 470 ἀσμενοι
425 394 477 468 τήν
499 393 583 452 ἵππον
607 391 677 469 πρός
696 391 747 467 τήν
772 392 934 451 Πλαταιέων

134 481 228 552 πόλιν,
244 481 393 562 φεύγοντες
409 481 439 540 δὲ
457 479 633 541 ἀπικνέονται
649 480 695 539 ἐπὶ
712 479 744 540 τῦ
758 479 884 556 Ἡραῖον·
904 480 936 540 τὸ

136 569 167 630 δέ
184 569 240 647 τρῦ
258 573 308 646 τῆς
325 568 425 632 πόλιός
439 574 501 630 ἐστι
513 573 564 644 τῆς
578 569 752 637 Πλαταιέων,
767 569 856 628 εἴκοσι
870 594 937 627 στα-

136 657 211 721 δίους
223 657 280 717 ἀπό
293 663 343 734 τῆς
358 657 459 734 κρήνης
470 662 521 734 τῆς
534 657 697 737 Γαργαφίης
710 655 825 734 ἀπέχον·
842 655 937 715 ἀπικό-

137 771 215 822 μενοι
233 746 263 804 δὲ
283 747 375 806 ἔθεντο
392 745 448 824 πρό
461 750 511 806 τοῦ
527 749 586 823 ἱροῦ
599 745 635 805 τά
651 744 732 804 ὅπλα
777 745 835 804 Καὶ
849 747 875 802 οῖ
887 746 985 820 μὲν53

136 835 199 910 περὶ
219 833 252 894 τό
273 834 389 912 Ἡραῖον
417 833 693 911 ἐστρατοπεδεύοντο·
722 833 885 908 Παυσανίης
908 831 938 890 δὲ

137 921 221 998 ἀρέων
235 924 327 997 σφέας
340 921 616 998 ἀπαλλασσομένους
629 927 659 981 ἐκ
672 925 721 981 τοῦ
739 921 937 998 στρατοπέδου,

136 1009 319 1091 παρήγγελλε
332 1011 378 1069 καὶ
391 1015 467 1070 τοῖσι
477 1010 730 1086 Λακεδαιμονίοισι,
745 1008 939 1084 ἀναλαβόντας

136 1097 172 1156 τά
199 1097 275 1157 ὅπλα
303 1100 371 1158 ἰέναι
398 1099 468 1158 κατά
488 1097 553 1162 τοῦς
573 1096 679 1160 ἀλλους
698 1097 763 1160 τοῦς
783 1097 938 1174 προϊόντας·

137 1187 256 1262 νομίσας
274 1186 373 1249 αῦτοῦς
395 1193 422 1251 ἐς
439 1186 490 1247 τόν
511 1191 603 1266 χοῖρον
625 1187 693 1245 ἰέναι
712 1191 739 1248 ἐς
756 1185 805 1245 τόν
824 1184 938 1261 συνεθή-

138 1299 231 1332 καντο·
247 1275 364 1334 ἐνθαῦτα
374 1277 461 1352 οἱμὲν
475 1274 560 1334 ἄλλοι
574 1273 664 1352 άρτιοι
677 1273 752 1350 ἦσαν
765 1277 819 1334 τιῦν
829 1274 939 1351 ταξιαρ-

137 1362 209 1439 χέων
221 1363 369 1423 πείθεσθαι
388 1365 546 1442 Παυσανίη·
567 1362 782 1440 Ἀμομφάρετος
799 1363 828 1422 δὲ
846 1363 862 1422 ὁ
881 1368 939 1422 Πο-

138 1449 247 1521 λιάδεω,
266 1452 410 1532 λοχηγέων
426 1456 475 1511 τοῦ
494 1453 670 1527 Πιτανητέων
691 1452 788 1531 λόχου,
811 1451 860 1511 οῦκ
882 1453 937 1528 ἐφη

574 1540 812 1566 «τις,

138 1537 202 1601 τοῦς
222 1539 326 1608 ξείνους
346 1539 507 1614 φεύξεσθαι,
523 1539 585 1599 ούδε
606 1567 673 1600 εκων
695 1567 763 1600 ειναι
784 1541 939 1620 αισχυνέειν

138 1625 190 1701 τήν
204 1627 344 1705 Σπάρτην·
366 1627 490 1704 ἐθώμαζέ
508 1655 537 1687 τε
556 1627 640 1705 ἀρέων
658 1629 690 1688 τό
707 1629 877 1706 ποιεύμενον,
891 1627 939 1688 άτε

139 1713 172 1772 ού
185 1715 407 1795 παραγενόμενος
415 1719 454 1794 τῷ
463 1717 588 1796 προτέρῳ
601 1717 686 1798 λόγῳ·
702 1717 717 1776 ἀ
732 1718 761 1776 δὲ
776 1717 940 1792 Παυσανίης

138 1827 169 1862 τε
180 1803 226 1861 καὶ
239 1803 255 1862 ὁ
269 1801 415 1880 Εὐρυάναξ
424 1803 512 1863 δεινόν
521 1807 573 1880 μέν
584 1809 724 1865 ἐποιεῦντο
733 1804 766 1864 τό
777 1804 816 1880 μὴ
828 1805 877 1862 πεί
894 1829 939 1862 εσ-

139 1891 187 1950 θαι
208 1895 310 1952 ἐκεῖνον
334 1893 429 1968 σφίσι,
453 1892 604 1970 δεινότερον
626 1894 655 1952 δὲ
677 1894 724 1963 ἔτι,
743 1894 832 1951 κείνου
853 1895 940 1951 ταῦτα

139 1981 298 2056 νενωμένου,
326 1979 475 2040 ἀπολιπεῖν
500 1981 549 2041 τόν
579 1981 667 2060 λόχον
693 1981 743 2040 τόν
771 1979 938 2055 Πιτανήτην,

138 2067 188 2144 μή,
209 2067 243 2144 ήν
264 2067 427 2128 ἀπολίπωσι
442 2073 582 2133 ποιεῦντες
599 2070 635 2130 πά
654 2069 843 2145 συνεθήκαντο
864 2071 940 2128 τοῖσι

139 2154 257 2216 άλλοισι
278 2157 412 2234 Ἕλλησι,
438 2157 578 2233 ἀπόληται
599 2157 780 2234 ἀπολειφθεὶς
805 2156 886 2220 αύτός
909 2182 940 2216 τε

139 2243 354 2322 Ἀμομφάρετος
368 2246 414 2304 καὶ
428 2245 525 2322 αἴρετ’
540 2245 634 2305 αύτοῦ·
655 2250 745 2306 ταῦτα
764 2245 940 2328 λογιζόμενοι

139 2330 261 2410 ἀτρέμας
289 2333 364 2412 εἶχον
383 2333 417 2393 τό
438 2333 628 2410 στρατόπεδον
648 2334 681 2395 τό
702 2335 870 2405 Λακωνικόν,
895 2335 940 2394 καὶ

141 2423 288 2497 ἐπειρῶντο
314 2422 455 2484 πείθοντές
477 2447 527 2498 μιν
554 2421 589 2486 ἀς
616 2422 648 2482 ού
674 2423 758 2502 χρεόν
785 2423 827 2500 εἴη
851 2427 939 2500 ταῦτα

139 2509 253 2570 ποιέειν.

182 2597 239 2656 Καὶ
265 2601 292 2657 οἱ
317 2601 368 2675 μὲν
393 2599 567 2680 παρηγόρεον
585 2598 813 2676 Ἀμομφάρετον,
837 2597 987 2676 μοῦνονῦῖ
1025 2673 1030 2682 Ι

140 2685 363 2763 Λακεδαιμονίων
373 2712 404 2745 τε
418 2687 463 2744 καὶ
476 2689 632 2768 Τεγεητέων
645 2686 837 2763 λελειμμένον.
858 2685 939 2761 Ἀθη-

142 2777 213 2832 ναῖοι
226 2773 255 2832 δὲ
269 2775 377 2834 ἐποίευν
390 2774 492 2834 τοιάδε·
514 2775 590 2853 εἶχον
601 2775 721 2851 ἀτρέμας
735 2775 827 2850 σφέας
841 2772 940 2836 αῦτοῦς

142 2860 186 2920 ῖνα
203 2861 371 2941 ἐτάχθησαν,
387 2863 567 2940 ἐπιστάμενοι
582 2862 618 2922 τά
634 2862 857 2939 Λακεδαιμονίων
871 2868 940 2938 φρο-

141 2948 257 3026 νήματα,
281 2950 316 3014 ιῦς
337 2949 414 3010 άλλα
436 2951 608 3028 φρονεόντων
631 2951 677 3009 καὶ
698 2950 775 3010 ἀλλα
793 2945 940 3031 λεγόντων·
967 2969 974 2980 ·

141 3035 177 3100 ἀς
204 3037 233 3096 δέ
261 3039 373 3115 ἐκινήθη
404 3039 437 3099 τά
465 3039 663 3117 στρατόπεδον,
691 3039 814 3116 ἔπεμπον
844 3038 940 3114 σφέων

143 3126 228 3184 ἱππέα
253 3125 392 3205 ὀψόμενόν
414 3153 446 3186 τε
468 3131 492 3186 εἰ
514 3127 683 3204 πορεύεσθαι
711 3128 887 3206 ἐπιχειρέοιεν
915 3128 940 3184 οῖ

143 3214 324 3290 Σπαρτιῆται,
349 3215 403 3274 εἴτε
428 3215 473 3272 καὶ
496 3215 529 3274 τό
552 3215 685 3291 παράπαν
708 3215 749 3291 μή
773 3215 941 3273 διανοεῦνται

143 3298 395 3364 ἀπαλλάσσεσθαι·
417 3301 578 3377 ἐπείρεσθαί
589 3326 619 3360 τε
634 3303 800 3378 Παυσανίην
812 3302 844 3362 τό
857 3300 941 3379 χρεόν
