2258 3568
127 98 242 163 οτ-αο]
429 91 633 148 ταΡνιΧοΡΗ.
904 103 935 146 ³9

128 206 189 248 κας,
199 179 251 254 τῆν
264 178 295 238 δὲ
309 179 416 254 {affixa
428 179 611 255 μετέβαλλον
623 176 727 239 αἰτέων
742 183 769 242 ές
782 176 835 255 τῆν
847 176 934 237 Ἰάδα·

128 265 249 344 ἐφόρεον
264 265 320 348 γὰρ
337 265 371 342 δή
390 266 446 344 πρό
459 271 510 326 τοῦ
527 269 557 326 αἰ
574 271 630 327 τῶν
642 265 797 342 Ἀθηναίων
809 269 936 348 γυναῖκες

129 356 239 431 ἐσθῆτα
253 355 372 432 Δωρίδα,
386 359 422 434 τῆ
436 356 573 434 Κορινθίῃ
586 354 873 432 παραπλησιωτάτην
887 381 935 432 με·

126 445 276 520 τέβαλλον
295 443 332 503 ὧν
348 449 376 506 ἔς
393 442 442 503 τόν
460 444 553 504 λίνεον
567 445 678 512 κιθῶνα,
693 444 737 503 ἰνα
751 443 784 519 δῆ
798 442 935 522 περόνῃσι

126 532 168 609 μῆ
182 533 326 610 χρέωνται·
349 533 422 612 (ἔστι
435 532 465 590 δὲ
478 531 580 608 όληθέϊ
593 531 671 612 λόγῳ
684 532 867 610 χρεωμένοισι
884 532 933 591 οτίκ

126 620 186 683 'Ide
207 619 277 696 αὕτη
295 619 313 695 ῆ
333 619 418 695 ε’σθῆς
438 620 471 679 τό
490 619 621 690 παλαιόν,
640 618 718 678 α’λλιί
732 619 850 696 Κάειρα·
872 621 931 680 ε’πεὶ

126 707 146 777 τί
158 734 194 788 γε
207 707 362 784 Ἑλληνική
382 707 468 783 ε’σθῆς
483 712 565 768 πᾶσα
578 707 597 784 η’
610 707 714 786 οἷρχαίη
731 711 787 767 τῷν
799 712 935 789 γυναικῶν
944 711 981 769 88

130 791 147 868 ῆ
160 795 233 872 αὐτῆ
247 795 282 872 ῆν
295 795 347 872 τῆν
362 800 411 857 νῦν
426 797 538 873 Δωρίδα
554 797 714 876 καλέομεν)
734 799 811 856 τοῖσι
828 796 858 855 δέ
870 795 934 873 Ἀρ·

126 885 233 963 γείοισι
255 885 301 943 καί
322 883 402 944 τοῖσί
421 884 591 964 Αἰγινήτῃσι
613 885 658 942 καί
684 883 755 961 πρός
780 888 868 944 ταῦτα
893 886 932 944 ἔτι

126 971 193 1031 τόδε
211 977 331 1048 ποιῆσαι
351 973 439 1050 νόμον
452 972 521 1032 εἶναι
537 972 614 1050 παρό
628 978 684 1048 σφι
699 974 864 1050 ἑκατέροισι·
884 972 935 1036 τός

126 1059 248 1138 περόνας
266 1061 399 1138 ἡμιολίας
420 1062 567 1122 ποιέεσθαι
589 1065 639 1120 τοῦ
660 1060 725 1120 τότε
746 1064 935 1123 κατεστεῶτος

126 1150 305 1227 μέτρου,καί
327 1155 354 1214 ἒς
375 1149 408 1210 τό
433 1149 492 1227 ἱρόν
513 1154 568 1210 τῶν
590 1150 660 1209 θεῶν
677 1149 796 1208 τουτέων
815 1147 935 1226 περόνας

126 1237 258 1314 μα’λιστα
275 1237 433 1298 ἀνατιθέναι
452 1237 503 1302 τοίς
518 1242 659 1319 γυναῖκας·
679 1236 808 1296 Ἀττικόν
821 1237 851 1296 δὲ
863 1236 934 1313 μήτε

126 1352 154 1385 τι
177 1325 254 1386 ἄλλο
275 1328 449 1404 προσφέρειν
470 1326 540 1403 πρός
562 1326 595 1386 τό
619 1325 686 1402 ἱρόν,
708 1324 780 1403 μήτε
801 1326 931 1403 κέραμον,

127 1413 195 1473 ἀλλ’
212 1419 243 1474 ἐκ
263 1415 399 1494 χυτρίδων
420 1416 588 1494 ἐπιχωριέων
606 1414 692 1492 νόμον
710 1413 743 1473 τό
761 1413 864 1474 λοιπόν
882 1412 929 1472 αὖ·

127 1502 191 1562 τόθι
205 1503 275 1562 εἰναι
288 1503 383 1563 πίνειν.
427 1503 561 1585 Ἀργείων
573 1503 626 1579 μέν
644 1528 692 1562 νυν
706 1502 752 1560 καὶ
766 1503 933 1582 Αἰγινητέων

128 1594 157 1650 αἰ
170 1596 300 1672 γυναῖκες
314 1592 344 1650 ἔκ
356 1618 388 1651 τε
401 1591 490 1652 τόσου
504 1589 563 1651 κατ’
578 1592 634 1668 ἔριν
647 1595 702 1650 τῶν
714 1589 867 1666 Ἀθηναίων
885 1617 932 1649 πε·

127 1680 211 1755 ρόνας
225 1682 265 1739 ἔτι
279 1681 325 1738 καί
339 1686 366 1743 ἔς
381 1682 429 1757 ε’μέ
445 1679 564 1758 ἐφόρεον
577 1680 695 1756 μέζονας
707 1676 726 1754 ῆ
739 1679 795 1754 πρό
808 1683 868 1738 τοῦ.

167 1772 226 1844 Τῆς
250 1767 280 1826 δὲ
302 1768 402 1846 ἔχθρης
425 1772 476 1844 τῆς
496 1767 568 1845 πρός
585 1767 735 1848 Αἰγινήτας
754 1766 930 1842 Ἀθηναίοισι
941 1769 977 1826 89

127 1857 280 1936 γενομένης
299 1855 374 1936 ἅρχῆ
394 1857 465 1916 κατὰ
482 1856 518 1915 w?
536 1857 642 1934 εἴρηται
656 1857 774 1936 ἐγένετο.
815 1854 880 1915 τότε
898 1855 932 1931 δῆ

128 1944 263 2020 Θηβαίων
291 1945 519 2022 ἐπικαλεομένων,
543 1943 692 2022 προθύμως
723 1948 778 2004 τῶν
804 1944 868 2021 περὶ
895 1944 931 2003 τιί

127 2029 282 2112 α’γόλματα
302 2033 457 2114 γενομένων
475 2031 751 2110 όναμιμνησκόμενοι
775 2035 802 2091 οἰ
820 2035 931 2113 Αἰγινῆ-

126 2145 173 2178 ται
198 2121 336 2197 ε’βινῆθεον
362 2125 439 2181 τοῖσι
463 2125 622 2180 Βοιωτοῖσι.
664 2120 816 2201 Αἰγινῆταί
839 2128 870 2179 ’τε
896 2120 930 2196 δῆ

127 2207 224 2289 έδήευν
237 2213 288 2285 τῆς
300 2208 429 2286 Ἀττικῆς
441 2209 477 2270 τοὶ
493 2208 726 2287 παραθαλάσσια,
742 2209 788 2266 καὶ
804 2207 932 2285 Ἀθηναί-

127 2324 187 2357 οισι
201 2297 404 2375 όρμεωμένοισι
418 2297 459 2356 ἐπ’
471 2296 621 2378 Αἰγινήτας
631 2296 846 2374 στρατεύεσθαι,
860 2297 932 2374 ἦλθε

126 2386 264 2463 μαντήϊον
289 2391 318 2444 ε’κ
340 2390 463 2462 Δελφῶν
485 2385 654 2464 ἐπισχόντας
670 2383 728 2445 α’πδ
750 2389 801 2472 τοῷ
820 2390 931 2466 Αἰγινη-

126 2475 195 2534 τέων
214 2473 322 2534 ἀδικίου
342 2475 491 2552 τριήκοντα
509 2476 579 2544 ἔτεα,
593 2479 631 2553 τῷ
650 2475 689 2533 ἑνὶ
707 2474 754 2548 καί
767 2479 931 2552 τριηκοστῷ,

127 2567 222 2641 Αἰακῷ
238 2563 351 2639 τέμενος
368 2562 555 2632 ἀποδέξαντας
577 2561 716 2642 ἄρχεσθαι
734 2567 785 2622 τοῦ
803 2561 873 2640 πρός
891 2567 938 2622 Αἰ-

125 2649 242 2730 γινήτας
262 2652 399 2728 πολέμου·
422 2652 471 2710 καί
487 2658 544 2728 σφι
564 2650 705 2730 χωρήσειν
717 2650 753 2710 τοὶ
766 2649 930 2727 βούλονται·

125 2737 204 2814 ῆνδὲ
218 2739 318 2798 αὐτίκα
332 2740 591 2818 ἐπιστρατεύωνται,
606 2738 704 2798 πολλοί
722 2740 774 2816 μέν
792 2745 884 2815 σφεας
902 2744 932 2799 έν

125 2831 165 2906 τῷ
177 2827 284 2905 μεταξτ)
297 2832 347 2888 τοῦ
361 2829 465 2908 χρόνου
475 2829 627 2888 πείσεσθαι
637 2827 735 2888 πολλὰ
749 2827 778 2886 δὲ
793 2829 839 2886 καὶ
852 2827 932 2904 ποιή-

126 2941 199 2975 σειν·
220 2916 304 2979 τέλος
315 2917 411 2993 μέντοι
426 2917 680 2994 καταστρέψεσθαι.
715 2919 803 2975 ταῦτα
818 2915 852 2978 οἷς
866 2915 932 2974 α’πε-

126 3005 272 3084 νειχθέντα
285 3003 411 3080 ἤκουσαν
425 3009 452 3064 οἰ
464 3004 617 3080 Ἀθηναῖοι,
630 3009 669 3082 τῷ
682 3006 734 3080 μὲν
748 3007 841 3080 Αἰακῷ
854 3005 938 3078 τέμε-ι

126 3118 174 3155 νος
195 3091 340 3164 α’ττέδεξαν,
353 3099 438 3154 τοῦτο
456 3092 489 3152 τό
509 3097 557 3152 νῦν
573 3092 619 3150 ε’πί
635 3095 686 3164 τῆς
698 3089 803 3168 ἀγορῆς
817 3089 931 3163 ἵδρυται·

125 3182 278 3259 τριήκοντα
299 3181 328 3240 δὲ
347 3183 409 3240 ἔτεα
430 3180 480 3240 οὐκ
497 3179 652 3255 ἀνέσχοντο
674 3174 842 3232 ἀκούσαντες
864 3171 933 3232 ὅκως

126 3272 218 3350 χρεών
242 3271 284 3345 εἰη
309 3272 445 3348 ἐπισχεῖν,
471 3264 646 3325 πεπονθότας
669 3258 739 3332 πρός
764 3255 931 3339 Αἰγινητέων
