2258 3568
167 160 280 224 ιιι-ιι]
468 159 672 208 τινψικοτιι.
941 157 970 206 ιι

167 243 197 298 αἱ
211 239 293 299 αὐταὶ
307 239 373 298 ἑωσι
387 240 477 314 φυλαὶ
491 239 537 296 καὶ
545 237 634 307 Ἴωσι,
649 238 698 297 τόν
709 236 855 314 ὁμώνυμον
866 239 970 294 Κλεισ-

167 327 250 386 θένεα
268 325 437 403 ἐμιμήσατο.
479 326 515 390 ὦς
527 326 583 408 γάρ
602 326 636 401 δή
652 326 702 385 τάν
715 325 868 400 Ἀθηναίων
882 325 972 400 δῆμον

166 415 306 493 πρότερον
325 415 494 492 ἀπωσμένον
514 415 578 476 τότε
598 415 690 476 πάντα
710 413 780 491 πρός
799 412 852 490 τήν
872 417 973 472 ἑωυτοῦ

165 508 269 581 μοῖραν
295 504 503 582 προσεθήκατο,
526 503 576 568 τάς
597 503 691 580 φυλάς
716 501 899 580 μετωνόμασε
925 502 971 560 καὶ

166 593 285 668 ἐποίησε
298 596 421 656 πλεῦνας
435 593 466 663 ἐξ
482 592 657 652 ἐλασσόνων·
678 592 744 651 δέκα
761 616 792 651 τε
811 590 845 666 δή
862 590 970 668 φυλάρ-

165 705 235 759 χους
247 680 308 741 ἀντὶ
318 681 462 758 τεσσέρων
476 681 599 756 ἐποίησε,
615 681 681 740 δέκα
694 681 724 740 δέ
738 679 783 739 καὶ
793 678 858 742 τοῦς
868 678 972 756 δήμους

166 770 300 846 κατένεμε
311 773 338 832 ἐς
347 769 397 832 τᾶς
408 768 510 845 φυλάς·
524 768 559 844 ἦν
569 795 607 838 τε,
616 768 667 828 τάν
676 769 765 845 δῆμον
771 769 970 844 προσθέμενος,

165 861 268 936 πολλῷ
282 857 436 935 κατύπερθε
449 861 504 917 τῶν
518 857 768 917 ἀντιστασιωτέων.
786 854 836 915 Ἐν
845 859 884 933 τῷ
892 855 971 932 μέρεϊ
979 857 1017 915 70

166 943 197 1002 δὲ
213 945 385 1022 ἑσσούμενος
400 945 416 1004 ό
429 945 587 1026 Ἰσαγόρης,
607 945 799 1024 ἀντιτεχνᾶται
817 943 892 1004 τάδε·
914 949 970 1002 ἐπι-

166 1035 297 1092 καλέεται
319 1035 482 1110 Κλεομένεα
505 1033 556 1093 τόν
571 1031 803 1110 Λακεδαιμόνιον,
822 1031 971 1112 γενόμενον

158 1124 257 1200 ’ἑωυτῷ
274 1122 362 1192 ξεῖνον
380 1121 437 1182 α’πά
456 1127 506 1198 τῆς
524 1120 781 1198 Πεισιστρατιδέων
797 1120 971 1196 πολιορκίης·

148 1209 217 1269 ’τόν
244 1210 274 1268 δὲ
308 1211 470 1287 Κλεομένεα
505 1210 562 1289 εἶχε
589 1211 663 1286 αἰτίη
690 1212 793 1285 φοιτᾶν
818 1207 895 1286 παρά
920 1211 971 1268 τοῦ

166 1295 318 1378 Ἰσαγόρεω
333 1298 386 1374 τήν
402 1302 530 1410 γυναῖκα.
571 1297 607 1358 τά
624 1301 676 1375 μὲν
690 1296 724 1373 δή
738 1300 836 1374 πρῶτα
853 1297 970 1373 πέμπων

166 1383 184 1444 ἀ
212 1389 375 1463 Κλεομένης
402 1413 430 1450 ες
456 1386 506 1450 τάς
535 1385 656 1461 Ἀθήνας
685 1385 799 1463 κήρυκα,
828 1385 970 1460 ἐξέβαλλε

167 1475 352 1544 Κλεισθένεα,
374 1475 419 1534 καὶ
439 1475 499 1552 μετ’
513 1474 598 1534 αὐτοῦ
619 1473 725 1537 ἄλλους
745 1472 872 1536 πολλοῦς
887 1472 969 1548 Ἀθη-

166 1563 250 1622 ναίων
262 1563 327 1626 τούς
343 1565 456 1645 ἐναγέας
469 1564 614 1644 ἐπιλέγων·
628 1566 716 1620 ταῦτα
726 1561 755 1620 δέ
765 1562 882 1637 πέμπων
891 1562 971 1640 ἔλεγε

166 1655 198 1708 ἐκ
212 1650 327 1730 διδαχῆς
339 1655 389 1711 τοῦ
402 1650 564 1731 Ἰσαγόρεω·
586 1654 612 1709 οἱ
622 1653 674 1726 μὲν
686 1651 741 1731 γάρ
754 1649 971 1726 Ἀλκμαιωνίδαι

167 1739 214 1796 καὶ
234 1741 261 1798 οἶ
280 1743 475 1799 συστασιῶται
495 1739 584 1798 αὐτῶν
605 1737 683 1816 εἶχον
703 1737 793 1814 αἰτίην
810 1741 860 1796 τοῦ
878 1736 968 1813 φόνου

165 1827 276 1886 τούτου·
298 1827 380 1890 αὐτός
400 1827 430 1886 δὲ
451 1826 483 1886 οὗ
504 1829 623 1906 μετεῖχε,
645 1825 701 1885 οὔδ’
723 1829 749 1885 οἱ
770 1826 853 1900 φίλοι
873 1824 968 1884 αὐτοῦ.

167 1917 206 1973 Οἱ
214 1913 238 1972 δ’
247 1915 355 1996 ἐναγέες
363 1914 518 1991 Ἀθηναίων
529 1913 580 1973 ὦδε
591 1914 806 1991 ὠνομάσθησαν·
822 1913 856 1988 ἦν
868 1911 970 1973 Κύλων
979 1915 1014 1975 71

165 2005 222 2060 τῶν
233 2001 386 2078 Ἀθηναίων
399 2002 469 2080 ἀνήρ
482 2002 711 2079 Ὀλυμπιονίκης·
726 1999 806 2064 οὗτος
817 2002 862 2060 ἐπὶ
872 2027 969 2078 τυραν-

166 2090 221 2148 νῶι
246 2089 378 2166 ἐκόμησε·
408 2089 676 2167 προσποιησάμενος
696 2089 726 2148 δὲ
748 2089 888 2166 ἑταιρηίην
913 2093 969 2149 τῶν

165 2176 332 2252 ἡλικιωτέων
346 2179 519 2254 καταλαβεῖν
536 2178 588 2253 τήν
604 2176 759 2254 ἀκρόπολιν
774 2177 915 2254 ἐπειρήθη·
938 2175 971 2236 οὖ

166 2264 316 2342 δυνάμενος
341 2265 371 2324 δὲ
401 2269 595 2343 ἐπικρατῆσαι,
623 2266 713 2341 ἱκέτης
741 2265 813 2336 ἵζετο
839 2265 910 2343 πρός
936 2267 969 2326 τό

165 2351 293 2434 ἄγαλμα·
326 2353 440 2417 τούτους
466 2353 613 2414 ἀνιστέασι
634 2357 686 2431 μὲν
709 2357 735 2412 οἱ
759 2354 890 2431 πρυτάνις
916 2359 971 2415 τῶν

166 2441 347 2518 Ναυκρόρων,
368 2442 447 2518 οἶπερ
466 2443 561 2519 ἑνεμον
579 2442 643 2502 τότε
666 2442 716 2506 τάς
736 2442 864 2518 Ἀθήνας,
886 2443 970 2524 ἀπεγ·

163 2529 249 2610 γόους
265 2530 343 2607 πλήν
361 2530 491 2590 θανάτου·
513 2534 651 2607 φονεῦσαι
669 2531 699 2590 δέ
715 2531 814 2594 αάτούς
826 2533 900 2608 αἰτίη
915 2533 970 2611 ἔχει

163 2618 394 2694 Ἀλκμαιωνίδας.
435 2622 523 2679 ταῦτα
540 2618 596 2697 πρό
614 2623 664 2694 τῆς
683 2619 893 2696 Πεισιστράτου
909 2620 969 2696 ήλι-

164 2707 226 2781 κίης
239 2707 358 2787 ἐγένετο.

207 2795 370 2871 Κλεομένης
388 2794 418 2854 δέ
441 2794 476 2858 οἷς
495 2795 613 2872 πέμπων
634 2795 774 2870 ἐξέβαλλε
795 2797 1018 2855 Κλεισθένεα72

164 2882 211 2940 καὶ
232 2881 296 2945 τούς
314 2884 435 2964 ἐναγέας,
456 2883 631 2957 Κλεισθένης
651 2885 702 2958 μὲν
721 2883 803 2945 αὐτός
821 2882 968 2962 ὑπεξέσχε·

164 2969 237 3044 μετά
251 2969 288 3039 δέ,
303 2969 382 3029 οὐδὲν
396 2968 491 3045 ἧσσον
504 2974 597 3047 παρῆν
611 2975 638 3032 ἐς
650 2970 701 3033 τάς
714 2969 834 3046 Ἀθήνας
848 2970 863 3030 ὁ
879 2977 968 3030 Κλεο-

164 3058 250 3135 μένης
264 3057 296 3117 οὖ
310 3057 364 3117 σιλν
377 3058 488 3139 μεγάλη
502 3059 583 3137 χειρὶ,
598 3057 764 3133 ἀπικόμενος
778 3059 807 3115 δὲ
821 3058 971 3137 ἀγηλατέει

165 3145 323 3206 ἑπτακόσια
353 3147 466 3205 ἐπίστια
494 3144 656 3218 Ἀθηναίων,
686 3143 722 3200 τά
750 3147 777 3200 οἱ
804 3144 923 3202 ὑπέθετο
955 3145 972 3202 o‘

164 3232 324 3316 Ἰσαγόρης.
351 3238 441 3293 ταῦτα
460 3233 490 3291 δὲ
510 3229 642 3303 ποιήσας,
661 3227 775 3303 δεύτερα
790 3229 843 3302 τήν
859 3228 971 3302 βουλήν

165 3322 314 3382 καταλύειν
333 3325 470 3399 ἐπειρᾶτο,
484 3313 673 3395 τριηκοσίοισι
686 3313 715 3370 δὲ
728 3316 805 3372 τοῖσι
817 3310 970 3389 Ἰσαγόρεω
