2258 3568
69 155 74 162 ·
133 153 247 216 τι-ο-ι]
476 131 590 203 mm.
904 151 934 198 οι

133 240 239 294 ευΰσαν
259 233 414 310 ἀμαρτάδα,
429 234 604 311 φιλοψυχίην
622 231 732 307 τοιήνδε
751 229 813 290 τινά
830 229 936 309 ἀναιρέ-

133 349 204 382 εται·
240 321 277 385 ώς
307 321 417 402 φεύγων
441 347 473 381 τε
500 319 731 396 κατελαμβάνετο
757 319 812 379 ύπά
839 317 937 396 ἀνδρός

134 412 263 488 Πέρσεω,
286 412 332 469 καὶ
360 409 396 471 ὥς
422 407 635 486 καταιρεόμενος
657 407 703 466 ὑπ’
725 407 809 467 αὐτοῦ
835 409 937 485 ἔμελλε

133 498 425 579 συγκεντηθήσεσθαι,
440 497 569 573 Περσίδα
588 499 727 577 γλῶσσαν
746 497 839 573 μετεὶς
855 522 935 556 κατα-

133 587 237 664 μηνύει
251 586 358 655 ἑωυτόν,
374 585 410 648 ἀς
424 587 465 660 εἴη
477 585 610 648 Ἱστιαῖος
623 584 639 644 ὁ
653 585 807 661 Μιλήσιος.
838 589 873 644 Εἰ
885 587 938 662 μέν
946 589 983 645 30

134 702 183 735 νυν
196 675 234 738 οἷς
248 674 393 754 ἐζωγρήθη
404 673 479 752 ἄχθη
500 672 636 754 ἀγόμενος
649 672 725 749 παρά
738 673 866 749 βασιλέα
880 681 937 732 Δα-

133 767 219 840 ρεῖον,
235 762 251 822 ὁ
265 764 295 822 δέ
309 761 364 821 οὔτ’
381 760 414 821 ἂν
431 763 516 822 ἔπαθε
537 761 623 822 κακόν
644 760 730 831 οὐδὲν,
745 761 849 820 δοκέειν
867 763 937 838 ἐμοὶ,

133 851 228 927 ἀπῆκέ
241 850 268 910 ’τ’
282 850 316 911 ἂν
335 850 408 929 αὐτῷ
427 849 479 926 τήν
500 854 598 926 αἰτίην·
620 854 668 910 νῦν
684 851 715 910 δέ
730 876 778 926 μιν
798 849 888 910 αὐτῶν
907 877 938 910 τε

133 939 240 998 τούτων
262 941 360 1008 εἵνεκα,
385 939 431 997 καὶ
454 939 498 998 ἴνα
521 938 561 1014 μή
585 937 728 1019 διαφυγών
752 937 828 1000 αὖτις
851 941 939 1020 μέγας

134 1027 212 1104 παρά
234 1028 356 1103 βασιλέϊ
376 1027 498 1107 γένηται,
517 1025 708 1103 Ἀρταφέρνης
728 1052 758 1085 τε
779 1026 795 1086 ό
815 1028 938 1104 Σαρδίων

134 1115 260 1194 ὕπαρχος
275 1117 321 1174 καὶ
340 1115 355 1174 ὁ
370 1115 470 1190 λαβών
484 1115 638 1196 Ἅρπαγος,
654 1114 689 1178 ώς
707 1113 822 1174 ἀπίκετο
837 1115 937 1196 ἀγόμε-

134 1229 181 1266 νος
195 1209 222 1266 ἐς
237 1204 345 1280 Σάρδις,
361 1203 393 1262 τό
408 1205 459 1279 μὲν
473 1204 556 1263 αὐτοῦ
577 1204 661 1280 σῶμα
680 1202 765 1262 αὐτοῦ
778 1202 865 1283 ταύτη
879 1204 938 1265 ἀνε-

135 1292 313 1367 σταύρωσον,
323 1292 375 1367 τήν
387 1293 415 1350 δέ
426 1293 553 1368 κεφαλήν
566 1291 781 1371 ταριχεύσαντες
794 1291 939 1368 ἀνήνεικαν

134 1381 212 1456 παρά
233 1382 361 1456 βασιλέα
377 1385 496 1457 Δαρεῖον
511 1387 538 1444 ἐς
553 1383 660 1444 Σοῦσα.
702 1385 820 1458 Δαρεῖος
838 1382 868 1440 δέ
887 1408 937 1442 πυ-

135 1469 253 1544 θόμενος
265 1473 354 1528 ταῦτα
373 1470 418 1527 καὶ
433 1469 665 1546 ἐπαιτιησάμενος
677 1468 741 1532 τούς
754 1473 841 1529 ταῦτα
858 1471 937 1547 ποιή-

134 1583 241 1620 σαντας
265 1557 309 1616 ὅτι
333 1585 382 1634 μιν
404 1557 436 1616 ού
458 1557 561 1628 ζώοντα
584 1555 726 1638 ἀνήγαγον
750 1563 776 1621 ἐς
799 1556 864 1637 ὄψιν
886 1559 938 1636 τήν

135 1648 245 1715 ἐωυτσῦ,
260 1645 312 1720 τήν
326 1647 454 1721 κεφαλήν
467 1645 519 1722 τήν
530 1645 665 1705 Ἱστιαίου
678 1646 836 1710 λούσαντάς
848 1673 879 1706 τε
892 1650 938 1706 καὶ

135 1735 368 1810 περιστείλαντας
387 1733 415 1792 εὖ
438 1736 593 1794 ἐνετείλατο
615 1734 710 1812 θάψαι,
726 1733 761 1798 ώς
778 1733 878 1812 ἀνδρός
889 1761 937 1812 με·

134 1820 230 1900 γέλως
252 1825 341 1900 ἑωυτῷ
361 1848 392 1880 τε
414 1824 460 1880 καὶ
479 1824 612 1901 Πέρσησι
635 1821 789 1902 εὐεργέτεω.
830 1823 866 1882 τά
886 1827 938 1900 μὲν

135 1911 199 1986 περὶ
219 1909 353 1969 Ἱστιαῖον
374 1910 443 1970 οὕτω
463 1912 539 1989 ἔσχε.

176 1997 210 2056 Ὀ
235 1999 264 2057 δὲ
289 1997 415 2062 ναυτικάς
438 2000 559 2075 στρατός
583 1997 599 2058 ό
621 1999 755 2074 Περσέων
776 2001 980 2077 χειμερίσαςδῖ

136 2087 200 2162 περὶ
216 2088 355 2161 Μίλητον,
369 2091 408 2165 τῷ
430 2087 545 2166 δευτέρῳ
565 2089 618 2146 ἔτεϊ
638 2086 672 2148 ώς
694 2085 841 2146 ἀνέπλωσε
861 2089 945 2164 αἱρέει

137 2174 270 2237 εύπετέως
287 2175 337 2237 τάς
355 2175 458 2250 νήσους
476 2176 525 2238 τάς
543 2175 661 2253 πράςτῇ
680 2173 786 2254 ἠπείρῳ
804 2177 936 2251 κειμένας,

137 2263 205 2323 Χίον
221 2265 267 2322 καὶ
282 2265 399 2339 Λέσβον
413 2265 459 2322 καὶ
472 2265 597 2324 Τένεδον.
639 2263 708 2326 ὅκως
722 2264 751 2322 δὲ
765 2265 854 2340 λάβοι
873 2265 936 2324 τινά

135 2356 190 2411 τῶν
203 2352 305 2427 νήσων,
321 2352 355 2415 ὥς
370 2351 490 2428 ἑκάστην
506 2353 643 2429 αἱρέοντες
664 2355 690 2410 οἱ
706 2352 852 2430 βάρβαροι
873 2359 937 2412 ἐσα-

135 2439 254 2520 γήνευον
263 2440 328 2502 τούς
341 2439 511 2516 ἀνθρώπους.
538 2440 739 2520 (σαγηνεύουσι
753 2441 783 2500 δὲ
796 2442 875 2502 τόνδε
887 2442 938 2502 τάν

135 2527 250 2605 τρόπον·
272 2527 342 2606 ἀνήρ
366 2528 464 2604 ἀνδρός
486 2529 627 2607 ἁψάμενος
648 2533 697 2604 τῆς
718 2530 818 2608 χειρὸς,
839 2535 868 2589 ἐκ
889 2531 937 2590 θα-

135 2615 250 2693 λάσσης
271 2621 322 2692 τῆς
342 2617 462 2694 βορηίης
484 2618 529 2676 ἐπὶ
551 2617 602 2692 τήν
621 2619 715 2693 νοτίην
735 2617 871 2693 διήκουσι,
891 2621 937 2678 καὶ

136 2705 231 2764 ἔπειτα
244 2705 290 2765 διά
303 2705 397 2782 πάσης
410 2709 461 2780 τῆς
474 2705 562 2780 νήσου
577 2706 732 2783 διέρχονται
746 2705 937 2782 ἐκθηρεύοντες

134 2793 199 2856 τούς
217 2793 400 2875 ἀνθρώπους.)
442 2795 534 2871 αίρεον
552 2794 581 2852 δὲ
600 2795 646 2854 καὶ
666 2793 716 2856 τάς
736 2799 765 2853 ἐν
781 2799 817 2872 τῇ
834 2793 937 2874 ἠπείρῳ

134 2881 238 2944 πόλιας
255 2881 306 2944 τάς
319 2881 410 2945 Ἰάδας
426 2882 497 2942 κατά
516 2883 552 2942 τά
572 2881 651 2941 αύτά·
672 2882 750 2958 πλὴν
767 2881 816 2941 ούκ
835 2881 936 2964 ἐσαηοή-

135 2995 214 3029 νευον
228 2969 294 3032 τούς
309 2969 478 3048 ἀνθρώπους
500 2970 532 3030 ού
545 2969 600 3051 γάρ
616 2970 660 3028 οἶά
674 2970 698 3029 τ’
711 2969 755 3045 ἦν.
796 2970 934 3030 Ἐνθαῦτα
944 2975 983 3029 32

135 3059 271 3133 Περσέων
290 3062 316 3118 οἱ
338 3061 492 3140 στρατηγοὶ
514 3059 563 3118 οὐκ
583 3057 737 3135 ἐψεύσαντο
754 3058 804 3120 τάς
821 3057 939 3119 ἀπειλάς

135 3146 184 3208 τάς
206 3148 403 3222 ἐπηπείλησαν
426 3151 502 3206 τοῖσι
521 3145 602 3203 Ἰωσι
622 3143 937 3218 στρατοπεδευομένοισι

135 3235 247 3294 ἐναντία
263 3235 361 3309 σφίσι·
384 3235 419 3297 ὥς
431 3233 487 3315 γὰρ
501 3233 535 3306 δὴ
550 3228 742 3304 ἐπεκράτησαν
754 3230 809 3282 τῶν
822 3224 936 3287 πολίων,

136 3320 237 3384 παῖδάς
250 3347 281 3382 τε
293 3321 358 3385 τούς
372 3319 578 3380 εύειδεστάτους
592 3310 771 3388 ἐκλεγόμενοι
791 3308 938 3376 ἐξέταμνον
