2250 3552
548 57 568 76 '⁸
593 65 597 80 Ι

166 125 221 188 ατο,
472 121 654 193 «αςοκουοι
873 112 876 119 ·
904 122 965 186 [IX.

166 201 394 282 εἶν’ἔστρωμένας,
410 205 455 263 καὶ
472 202 609 282 τραπέζας
629 229 660 263 τε
680 203 802 282 χρυσέας
822 203 869 263 καὶ
883 202 969 285 άργυ-

166 295 238 374 ρέας,
264 294 310 353 καὶ
336 293 515 371 παρασκευὴν
535 293 753 374 μεγαλοπρεπέα
773 297 824 351 τοῦ
846 293 968 364 δείπνου,

165 383 340 466 ἐκπλαγέντα
368 381 404 441 τά
433 383 600 460 προκείμενα
632 379 732 461 ἀγαθοὶ,
763 385 895 440 κελεῦσαι
922 383 970 441 ἐπὶ

164 471 267 553 γέλωτι
283 469 348 534 τούς
366 473 466 530 ἑωυτοῦ
485 469 628 545 διηκόνους
642 467 858 546 παρασκευάσαι
871 476 969 529 Λακω-

164 560 240 619 νικόν
248 559 368 619 δεῖπνον·
383 557 419 622 οἷς
431 557 461 617 δὲ
468 562 518 633 τῆς
527 558 621 633 θοίνης
633 556 797 632 ποιηθείσης
808 556 844 633 ἦν
856 559 970 618 πολλόν

164 648 197 707 τό
210 647 308 724 μέσον,
318 646 368 707 τὸν
378 646 544 721 Παυσανίην
553 645 716 727 γελάσαντα
727 646 969 724 μεταπέμψασθαι

164 739 219 794 τῶν
244 733 389 810 Ἑλλήνων
414 733 479 796 τούς
506 731 690 813 στρατηγούς·
724 731 916 792 συνελθόντων
938 734 969 792 δὲ

165 823 291 893 τουτέων,
303 827 389 882 εἰπεῖν
401 816 450 882 τόν
464 821 637 897 Παυσανίην,
649 819 790 883 δεικνύντα
801 825 828 884 ές
838 822 969 899 ἑκατέρην

164 916 214 972 τοῦ
241 912 352 972 δείπνου
378 909 430 986 τῆν
455 908 645 986 παρασκευήν·
676 907 798 985 ((όνδρες
819 907 968 985 Ἕλληνες,

164 1000 250 1060 τῶνδε
264 1001 353 1060 εἵνεκα
366 997 420 1080 ε’γιδ
432 997 518 1075 ύμέας
531 996 699 1078 συνήγαγον,
714 996 890 1074 βουλόμενος
903 997 969 1074 ύμῖν

165 1088 246 1148 τοῦδε
265 1091 316 1147 τοῦ
337 1087 442 1164 Μήδων
461 1085 597 1167 ἡγεμόνος
616 1085 668 1160 τὴν
688 1084 854 1161 ἀφροσύνην
870 1085 967 1156 δεῖξαι·

165 1175 196 1240 ὃς
208 1176 317 1252 τοιήνδε
330 1176 436 1235 δίαιταν
450 1176 527 1253 ἔχων,
542 1173 613 1248 ἦλθε
627 1178 654 1237 ἐς
667 1172 756 1250 ἡμέας
772 1171 842 1234 οὕτω
856 1173 969 1253 όίζυρὴν

166 1265 280 1344 ἔχοντας
312 1261 561 1340 άπαιρησόμενος·”
597 1265 685 1322 ταῦτα
716 1263 768 1338 μὲν
802 1266 969 1341 Παυσανίην

167 1355 279 1434 λέγεται
293 1356 378 1412 εἰπεῖν
391 1351 461 1430 πρός
476 1350 541 1413 τούς
558 1349 732 1432 στρατηγούς
743 1352 800 1410 τῶν
812 1348 965 1426 Ἑλλήνων.

119 1445 157 1502 83
165 1441 288 1519 Ὑστέρῳ
311 1441 407 1517 μέντοι
427 1438 519 1520 χρόνῳ
539 1436 610 1515 μετά
636 1441 724 1498 ταῦτα
746 1439 792 1497 καὶ
812 1443 867 1499 τῶν
888 1445 968 1499 Πλα-

165 1530 263 1588 ταιέων
277 1526 356 1605 εὗρον
372 1528 473 1606 συχνοὶ
492 1525 578 1602 θήκας
596 1530 704 1606 χρυσοῦ
724 1527 769 1585 καὶ
786 1525 908 1607 ἀργύρου
922 1531 969 1587 καὶ

166 1621 220 1677 τῶν
234 1615 329 1675 ἄλλων
346 1614 505 1694 χρημάτων.
548 1613 637 1690 ἐφάνη
655 1614 685 1673 δὲ
705 1616 751 1673 καὶ
767 1613 831 1674 τόδε
849 1614 968 1694 ὕστερον

166 1705 206 1764 ἔτι
218 1703 329 1773 τούτων,
343 1708 398 1764 τῶν
413 1707 515 1780 νεκρῶν
534 1703 773 1781 περιψιλωθέντων
786 1703 967 1781 τὰς’σάρκας·

167 1792 337 1871 συνεφόρεον
368 1792 422 1872 γάρ
449 1791 485 1851 τά
513 1789 600 1850 ὀστέα
630 1793 657 1850 οἱ
683 1791 840 1855 Πλαταιέες
867 1797 894 1856 ές
921 1793 968 1854 ἕνα

166 1885 267 1963 χῶρον·
290 1881 387 1959 εύρέθη
406 1879 517 1957 κεφαλὴ
532 1878 581 1938 ούκ
600 1881 705 1958 ἔχουσα
721 1878 816 1957 ῥαφὴν
830 1880 966 1957 οὐδεμίαν,

167 1971 244 2030 άλλά
265 1971 296 2041 ἐξ
317 1969 376 2033 ἑνός
397 1973 483 2028 ἐοῦσα
502 1967 613 2027 ὀστέου·
641 1967 730 2043 ε’φάνη
752 1967 781 2026 δὲ
800 1967 846 2026 καὶ
865 1969 968 2049 γνάθος

167 2059 258 2120 καὶτὸ
276 2058 331 2119 άνω
347 2063 397 2133 τῆς
411 2057 524 2138 γνάθου,
542 2057 647 2136 ἔχουσα
665 2055 778 2118 ὀδόντας
793 2057 968 2133 μουνοφυέας

167 2149 198 2218 ἐξ
223 2147 283 2211 ἑνός
304 2147 405 2207 ὀστέου
425 2145 538 2218 πάντας,
561 2144 626 2208 τούς
648 2169 679 2203 τε
700 2142 814 2206 ὀδόντας
835 2144 881 2202 καὶ
904 2143 967 2208 τούς

167 2237 315 2316 γομφίους·
338 2235 384 2293 καὶ
396 2233 588 2312 πενταπήχεος
602 2231 701 2309 α’νδρδς
714 2229 801 2290 όστέα
814 2232 913 2309 ἐφάνη.

120 2327 158 2384 84
207 2323 289 2381 Ἐπεί
309 2347 340 2380 τε
360 2323 390 2380 δὲ
410 2321 571 2398 Μαρδονίου
592 2321 703 2398 δευτέρῃ
725 2319 815 2398 ἡμέρῃ
837 2320 853 2380 ὁ
874 2321 968 2398 νεκρός

167 2410 317 2486 η’φάυιστο·
338 2407 384 2467 ὕπ’
397 2407 460 2468 ὅτευ
480 2411 532 2486 μὲν
552 2408 711 2487 άνθροίπων,
733 2407 766 2468 τό
787 2407 899 2486 οἶτρεκὲς
919 2409 968 2469 οὔκ

168 2501 221 2578 ἔχω
240 2501 334 2558 εἰπεῖν·
355 2495 481 2560 πολλούς
502 2497 533 2556 δέ
549 2523 625 2560 τινας
645 2496 697 2573 ἤδη
717 2496 763 2556 καὶ
776 2496 970 2562 παντοδαπούς

166 2586 275 2663 ἥκουσα
299 2584 388 2664 θάψαι
411 2584 579 2662 Μαρδόνιον,
604 2585 649 2644 καὶ
674 2584 747 2662 δῶρα
770 2583 883 2665 μεγάλα
907 2585 971 2646 οἶδα

167 2675 310 2752 λαβόντας
325 2672 452 2736 πολλούς
472 2673 549 2750 παρὰ
564 2672 718 2755 Ἀρτόντεω
737 2676 788 2732 τοῦ
809 2673 971 2750 Μαρδονίου
1022 2665 1025 2669 ι

166 2763 264 2826 παιδός
283 2762 327 2822 διαὶ
345 2765 428 2822 τοῦτο
444 2760 477 2821 τό
499 2761 588 2842 ἔργον.
631 2760 709 2824 ὅστις
722 2761 818 2838 μέντοι
833 2759 868 2837 ἦν
881 2760 971 2822 αὐτῶν

167 2851 183 2912 ό
196 2849 367 2928 ὑπελόμενός
377 2875 408 2910 τε
418 2849 463 2908 καὶ
473 2849 564 2928 θάψας
573 2849 622 2909 τόν
633 2849 730 2926 νεκρόν
739 2850 789 2909 τόν
800 2849 971 2926 Μαρδονίου,

168 2939 201 2999 ου’
222 2939 339 3016 δύναμαι
359 2937 492 3014 άτρεκέως
512 2938 661 2997 πυθέσθαι·
684 2939 740 3016 ἔχει
757 2938 788 2996 δέ
802 2963 864 2997 τινα
886 2936 972 3012 φάτιν

168 3027 213 3085 καὶ
227 3025 450 3102 Διονυσοφάνης,
461 3023 531 3101 άνήρ
544 3024 686 3100 Ἐφέσιος,
701 3025 790 3101 θάψαι
801 3025 970 3103 Μαρδόνιον.

121 3117 158 3172 85
168 3113 233 3172 ἀλλ’
250 3113 266 3172 ὁ
279 3117 330 3188 μὲν
345 3111 440 3190 τρόπῳ
457 3111 573 3190 τοιούτῳ
588 3112 688 3187 ἐτάφη.
732 3116 769 3172 Οἱ
788 3113 817 3172 δὲ
830 3112 973 3190 Ἕλληνες

169 3199 203 3262 οἷς
217 3205 245 3260 ἐν
263 3202 429 3276 Πλαταιῇσι
444 3197 496 3272 τήν
512 3198 595 3273 ληίην
611 3199 755 3275 διείλοντο,
773 3201 894 3261 ἔθαπτον
907 3200 973 3264 τούς

169 3291 274 3346 ἑωυτῶν
296 3285 379 3364 χωρὶς
403 3283 522 3343 ἕκαστοι
566 3285 780 3362 Λακεδαιμόνιοι
802 3289 855 3366 μὲν
877 3289 974 3366 τριξὰς
