2276 3554
161 133 270 197 76—83]
467 131 651 180 αοιιιιαιι.
917 130 962 178 15³

158 215 301 293 μαχαίρας
318 213 403 292 εἶχον.
448 216 554 289 Μαρῶν
576 211 604 269 δέ
626 211 671 268 καὶ
687 209 810 288 Κόλχων
825 208 894 288 ἦρχε
908 218 962 268 Φα-

158 301 298 379 ρανδάτης
312 302 327 360 ὁ
342 302 490 362 Τεάσπιος.
525 298 686 376 Ἀλαρόδιοι
706 299 734 356 δὲ
749 299 794 356 καὶ
809 298 962 376 Σάσπειρες

160 391 285 467 κατάπερ
306 390 418 468 Κόλχοι
440 389 609 465 όπλισμένοι
631 387 838 464 ἐστρατεύοντο
860 387 962 449 τούτων

159 479 190 538 δὲ
204 480 368 540 Μασίστιος
381 478 397 536 ὁ
412 479 582 554 Σιρομίτρεω
595 477 674 555 ἦρχε.
712 476 753 533 Τά
768 477 796 534 δέ
810 478 960 551 νησιωτικά
971 481 1009 537 80

159 569 239 628 ἔθνεα
253 566 289 626 τά
304 573 333 626 ἐκ
349 571 399 642 τῆς
411 565 547 642 Ἐρυθρῆς
562 565 711 640 θαλάσσης
726 564 854 641 ἑπόμενα,
870 565 962 640 νήσων

157 656 189 714 δέ
203 662 232 714 ἐν
244 661 313 735 τῇσι
326 657 391 718 τούς
401 653 602 717 ἀνασπάστους
616 655 801 730 καλεομένους
816 655 962 724 κατοικίζει

156 744 307 820 βασιλεύς,
322 743 469 824 άγχοτάτω
488 747 543 803 τῶν
557 744 690 818 Μηδικῶν
712 743 787 821 εἶχον
809 741 916 816 ἐσθῆτά
930 770 962 802 τε

157 835 205 892 καὶ
223 833 309 892 ὅπλα.
331 833 435 892 τούτων
455 833 483 890 δὲ
504 837 557 892 τῶν
579 834 734 908 νησιωτέων
747 831 817 910 ἦρχε
832 831 959 907 Μαρδόν-

156 947 207 996 της
227 921 391 1003 άΒαγαίου,
407 921 437 984 ὃς
458 927 486 980 ἐν
502 921 629 1000 ,Μυκάλῃ
649 920 827 1001 στρατηγέων
848 919 961 996 δευτέρῳ

156 1011 212 1068 ἔτεϊ
232 1010 337 1069 τούτων
358 1010 523 1085 ἐτελεύτησε
545 1015 573 1068 ἐν
593 1015 628 1088 τῇ
649 1009 737 1088 μάχη.
773 1006 780 1019 ’

198 1103 294 1158 Ταῦτα
310 1098 345 1174 ἦν
359 1098 394 1157 τά
408 1097 466 1157 κατ’
480 1097 596 1174 ἤπειρον
608 1097 815 1174 στρατευόμενά
828 1123 858 1156 τε
873 1097 958 1166 ἔθνεα,
971 1100 1005 1156 81

156 1189 204 1245 καὶ
217 1189 375 1268 τεταγμένα
389 1193 415 1248 ἐς
429 1187 461 1246 τό
475 1187 568 1257 πεζόν.
610 1187 709 1246 τούτου
725 1186 760 1245 ὧν
774 1191 823 1245 τοῦ
838 1189 960 1261 στρατοῖ-

154 1275 245 1354 ἦρχον
264 1274 341 1335 οὗτοι
363 1276 443 1353 οἷπερ
462 1276 589 1352 εἰρέαται·
613 1275 657 1333 καὶ
676 1279 702 1333 οἱ
720 1273 895 1342 διατάξαντες
916 1274 960 1332 καὶ

156 1365 395 1441 ἐξαριθμήσαντες
418 1363 494 1423 οὗτοι
517 1363 600 1439 ἦσαν,
624 1365 669 1421 καὶ
691 1363 840 1444 χιλιάρχας
862 1389 893 1421 τε
916 1363 961 1420 καὶ

154 1452 312 1531 μυριάρχας
326 1452 519 1520 ἀποδέξαντες·
542 1452 745 1531 ἑκατοντάρχας
759 1453 788 1510 δέ
802 1452 847 1509 καὶ
867 1451 959 1528 δεκάρ-

153 1567 209 1619 χας
228 1545 255 1600 οἱ
272 1541 432 1618 μυριάρχαι.
474 1542 577 1600 τελέων
598 1541 627 1598 δὲ
649 1542 694 1598 καὶ
713 1542 811 1600 ἐθνέων
824 1539 898 1616 ἦσαν
912 1539 959 1597 α”λ-

154 1634 204 1688 λοι
224 1629 409 1706 σημάντορες·
430 1629 505 1705 ἦσαν
518 1633 570 1706 μὲν
584 1629 618 1704 δή
634 1627 718 1698 οὗτοι,
734 1631 813 1706 οἵπερ
833 1631 959 1706 εἰρέαται,

154 1717 297 1796 ἄρχοντες.
339 1717 547 1798 Ἐστρατήγεον
564 1719 593 1776 δὲ
606 1717 709 1776 τούτων
722 1745 753 1776 τε
767 1719 812 1776 καὶ
825 1722 874 1776 τοῦ
889 1717 960 1792 σύμ·
970 1718 1007 1775 82

154 1831 260 1868 παντος
273 1811 396 1883 στρατοῦ
410 1810 459 1864 τοῦ
473 1808 557 1876 πεζοῦ
569 1805 727 1883 Μαρδόνιός
740 1833 770 1866 τε
785 1806 800 1865 ό
815 1804 959 1882 Γωβρύεω,

154 1895 202 1952 καὶ
218 1895 442 1973 Τριτανταίχμης
456 1894 471 1953 ό
485 1894 663 1970 Ἀρταβάνου
684 1901 733 1956 τοῦ
751 1895 864 1976 γνιύμην
883 1895 959 1970 θεμέ-

153 2010 204 2042 νου
224 1982 265 2059 μή
287 1983 491 2058 στρατεύεσθαι
506 1984 551 2042 ἐπὶ
565 1983 617 2058 τήν
629 1982 764 2052 Ἐλλάδα,
781 1983 826 2040 καὶ
841 1982 960 2059 Σμερδο-

152 2072 239 2147 μένης
262 2069 580 2147 όὈτάνεω-Δαρείου
603 2071 759 2148 ἀμφότεροι
781 2068 858 2129 οὗτοι
879 2068 958 2129 α’δελ-

153 2163 232 2233 φεῶν
246 2159 350 2228 παῖδες,
362 2160 452 2238 Ξέρξη
468 2161 496 2218 δέ
511 2160 634 2240 ἐγίνοντο
656 2159 852 2238 α’νεψιοὶ-καὶ
865 2161 960 2218 Μασί-

153 2273 226 2323 στης
242 2247 258 2308 ό
274 2249 393 2324 Δαρείου
407 2275 438 2306 τε
453 2249 498 2306 καὶ
512 2247 655 2324 Ἀτόσσης
675 2252 748 2318 παῖς,
765 2251 810 2306 καὶ
826 2249 923 2330 Γέργις
944 2248 959 2308 ὁ

152 2335 275 2413 Ἀρίζου,
295 2337 340 2394 καὶ
362 2337 534 2417 Μεγάβυζος
556 2335 571 2396 ὁ
592 2336 733 2413 Ζωπύρου.
778 2335 864 2396 Ούτοι
886 2337 1006 2413 ἧσαν83

153 2425 311 2506 στρατηγοὶ
324 2429 373 2484 τοῦ
388 2425 551 2502 σύμπαντος
564 2430 687 2502 στρατοῦ
702 2427 794 2498 πεζοῦ,
810 2428 893 2506 χωρὶς
906 2431 960 2486 τῶν

152 2516 268 2590 μυρίων·
290 2519 345 2573 τῶν
367 2515 396 2572 δὲ
418 2514 522 2591 μυρίων
543 2514 646 2573 τούτων
668 2516 801 2590 Περσέων
819 2521 872 2574 τῶν
892 2513 958 2573 άπο·

152 2603 331 2682 λελεγμένων
353 2602 521 2683 ἐστρατήγεε
542 2605 593 2680 μὲν
610 2602 744 2678 Ὑδάρνης
767 2603 782 2661 ό
803 2603 957 2678 Ὑδάρνεος·

153 2691 305 2750 ἐκαλέοντο
322 2691 351 2749 δὲ
364 2689 515 2750 Ἀθάνατοι
534 2695 560 2750 οἱ
575 2692 686 2768 Πέρσαι
708 2689 784 2750 οὗτοι
806 2691 850 2748 ἐπὶ
868 2691 957 2749 τοῦδε·

152 2779 234 2841 εἴτις
248 2778 339 2837 αὐτῶν
355 2780 465 2848 ἐξέλιπε
485 2779 535 2839 τόν
556 2777 705 2856 α’ριθμὸνή
721 2778 828 2856 θανάτῳ
849 2778 958 2853 βιηθεὶς

151 2864 170 2942 ἢ
184 2866 286 2946 νούσῳ,
301 2866 390 2930 ἄλλος
404 2861 473 2944 ἀνήρ
488 2867 630 2945 ἀραίρητο·
653 2868 698 2924 καὶ
713 2867 835 2948 ἐγίνοντο
850 2864 958 2942 οὐδαμά

152 2955 219 3014 οὔτε
240 2959 357 3018 πλεῦνες
378 2958 481 3033 μυρίων
503 2955 567 3016 οὔτε
591 2955 755 3019 ἐλάσσονες.
798 2954 905 3032 κόσμον
929 2954 958 3013 δὲ

152 3046 293 3103 πλεῖστον
311 3044 478 3122 παρείχοντο
500 3044 545 3104 διά
561 3043 671 3104 πάντων
686 3046 805 3120 Πέρσαι,
821 3045 866 3101 καὶ
880 3042 959 3102 αὐτοὶ

152 3129 268 3209 άριστοι
281 3131 364 3207 ἦσαν·
386 3133 490 3207 σκευήν
503 3136 555 3208 μὲν
568 3131 698 3206 τοιαύτην
712 3132 789 3209 εἶχον
802 3131 873 3207 ἥπερ
888 3131 958 3206 ε’ίρη-

638 3219 646 3240 X
713 3220 721 3241 ἱ
742 3217 754 3239 1

151 3245 209 3280 mv
230 3221 315 3299 χωρὶς
335 3220 373 3291 δέ,
387 3220 496 3300 χρυσόν
509 3246 539 3278 τε
552 3223 663 3278 πολλον
677 3245 723 3278 και
736 3220 861 3292 αφθονον
883 3218 957 3294 ἔχον-

88 3355 93 3364 ·
151 3337 198 3373 τες
211 3309 371 3386 ἐνέπρεπον,
385 3308 551 3385 ἁρμαμάξας
564 3333 594 3364 τε
613 3305 672 3380 ἅμα
686 3304 787 3384 ἤγοντο
801 3311 830 3364 ἐν
843 3305 872 3363 δὲ
886 3309 957 3362 παλ-
