2282 3550
192 133 240 182 208
500 133 682 182 'HPOAO'I'O'P-
916 129 953 195 [V
955 131 994 182 II.

191 212 379 290 πειρεοίμενοι,
394 213 440 272 καὶ
454 213 524 271 κατά
538 213 621 272 τέλεα
635 213 681 272 καὶ
693 211 830 272 παντοίως
843 209 995 287 προσβάλ-

188 303 297 369 λοντες,
311 299 474 376 ἀπήλαυνον
488 299 589 360 α’πίσω.
625 307 654 360 ἐν
670 300 789 378 ταύτῃσι
804 302 874 376 τῇσι
890 297 996 375 προσό-

192 387 268 447 δοισι
290 393 340 464 τῆς
360 387 454 468 μάχης
478 390 591 469 λέγεται
614 389 742 466 βασιλέα
767 386 918 463 θηεύμενον
936 387 998 463 τρὶς

192 475 361 554 ἀναδραμεῖν
372 481 401 534 ἐκ
415 481 465 536 τοῦ
479 476 587 554 θρόνου,
599 477 730 536 δείσαντα
743 476 807 552 περὶ
820 479 855 554 τῇ
866 479 997 553 στρατιῇ.

145 563 284 624 212Τότε
310 567 362 641 μὲν
389 564 460 624 οίτω
485 564 670 646 ἠγωνίσαντο·
697 569 733 644 τῇ
762 564 784 623 δ’
808 563 942 641 ὑστεραίῃ
971 565 999 621 οἱ

192 652 339 730 βάρβαροι
362 651 441 712 οὐδὲν
461 652 574 730 άμεινον
595 653 721 712 ἀέθλεον·
749 651 797 711 ἅτε
816 650 872 732 γάρ
893 648 999 730 ὀλίγων

192 739 302 811 ἐόντων,
313 742 480 804 ἐλπίσαντές
493 747 586 816 σφεας
600 740 894 818 κατατετρωματίσθαι
905 764 937 798 τε
951 739 998 797 καὶ

194 827 244 886 ούκ
261 830 335 892 οἶους
350 855 381 888 πε
399 830 515 889 ἔσεσθαι
532 831 571 888 ἔτι
584 833 679 909 χεῖρας
695 828 902 904 ἀνταείρασθαι,
918 827 998 886 συνέ-

194 917 318 993 βαλλον·
346 921 373 977 οἶ
397 917 427 984 δὲ
447 917 593 993 Ἕλληνες
611 917 682 976 κατὰ
704 917 781 986 τάξις
804 941 835 975 τε
859 916 904 974 καὶ
926 916 999 974 κατοῖ

195 1005 275 1064 ἔθνεα
293 1007 497 1082 κεκοσμημένοι
510 1005 593 1082 ἦσαν,
608 1007 654 1064 καὶ
670 1011 699 1065 ἐν
710 1006 789 1082 μέρείΙ
805 1005 919 1063 ἔκαστοι
932 1002 998 1079 ἐμά-

194 1119 288 1173 χοντο,
299 1093 376 1169 πλὴν
386 1095 509 1154 Φωκέων·
526 1091 603 1153 οὗτοι
617 1093 647 1152 δὲ
661 1098 688 1156 ἐς
700 1092 733 1152 τό
745 1091 825 1170 οὖρος
836 1091 999 1170 ἐτάχθησαν

196 1180 369 1256 φυλάξοντες
387 1181 438 1257 τήν
454 1181 588 1258 άτραπόν·
611 1181 648 1244 οἷς
664 1181 693 1240 δὲ
712 1181 791 1240 οὐδὲν
805 1179 934 1257 εὕρισκον
947 1179 999 1238 άλ-

196 1269 340 1347 λοιότερον
358 1273 385 1330 οἱ
405 1270 517 1348 Πέρσαι
536 1268 555 1346 ἢ
574 1273 610 1349 τῇ
628 1269 779 1348 προτεραίῃ
797 1267 910 1344 ἐνάρων,
927 1265 1000 1344 άπή-

197 1362 309 1432 λαυνον.
988 1365 989 1368 ¹

149 1447 207 1504 213
236 1445 420 1522 Ἀπορέοντος
430 1446 459 1504 δέ
469 1447 609 1522 βασιλέως
617 1445 632 1506 ὅ
639 1471 667 1506 τι
677 1445 814 1525 χρήσεται
822 1450 860 1524 τῷ
867 1443 1000 1521 παρεόντι

197 1532 349 1613 πρήγματι,
372 1533 525 1610 Ἐπιάλτης
547 1534 564 1594 ό
588 1533 753 1611 Εύρυδήμου
778 1533 847 1610 άνήρ
871 1533 1001 1608 Μηλιεύς

195 1619 268 1696 ἦλθέ
281 1625 307 1680 οἱ
321 1625 348 1684 ἐς
362 1621 470 1701 λόγους,
485 1622 520 1686 ὦς
532 1623 606 1703 μέγα
619 1647 646 1682 τι
659 1622 736 1699 παρά
749 1621 888 1697 βασιλέος
898 1621 1002 1680 δοκέων

197 1711 337 1770 οἴσεσθαι·
356 1709 466 1788 ἔφρασέ
477 1737 509 1770 τε
521 1711 573 1786 τήν
586 1710 711 1788 α’τραπόν
722 1711 773 1786 τήν
783 1709 828 1769 διά
840 1713 890 1769 τοῦ
904 1707 1001 1785 οὔρεος

197 1799 341 1876 φέρουσαν
358 1804 385 1862 ἐς
403 1799 596 1876 Θερμοπύλας,
611 1801 656 1858 καὶ
674 1799 814 1877 διέφθειρε
830 1797 895 1858 τούς
911 1797 1001 1876 παύιῃ

196 1886 396 1964 ύπομείναντας
419 1885 573 1964 Ἑλλήνων·
600 1886 719 1964 ὕστερον
742 1887 772 1946 δέ
795 1887 889 1948 δείσας
909 1891 1000 1944 Λακε-

197 1975 353 2052 δαιμονίους
369 1977 454 2056 ἐφυγε
471 1979 498 2038 ἐς
511 1976 685 2051 Θεσσαλίην·
708 1977 756 2034 καί
769 1978 796 2034 οἱ
810 1973 929 2056 φυγόντι
944 1970 1001 2034 ύπό

196 2069 251 2124 τῶν
266 2064 440 2144 Πυλαγόρων
453 2065 519 2144 (τῶν
532 2063 744 2140 Ἀμφικτυόνων
761 2069 787 2126 ἐς
804 2063 856 2139 τήν
869 2061 1003 2138 Πυλαίην

198 2153 423 2232 συλλεγομένων)
438 2151 570 2234 ἀργύριον
588 2152 772 2232 ἐπεκηρύχθη·
794 2150 884 2230 χρόνῳ
902 2149 932 2208 δέ
949 2149 1002 2210 ὕσ-

196 2265 285 2315 τερον,
315 2240 438 2313 κατῆλθε
463 2239 519 2320 γάρ
547 2245 574 2303 ἐς
599 2239 771 2316 Ἀντικύρην,
796 2238 916 2298 άπέθανε
943 2236 1001 2297 ύπὸ

196 2325 354 2402 Ἀθηνάδεω
373 2325 471 2404 α’νδρός
488 2329 646 2407 Τρηχινίου·
668 2327 684 2386 ὁ
704 2329 733 2387 δέ
749 2326 903 2402 Ἀθηνάδης
920 2323 1003 2388 οὗτος

197 2413 340 2474 άπέκτεινε
360 2417 411 2490 μὲν
428 2414 582 2474 Ἐπιάλτεα
601 2415 635 2476 δι’
651 2415 744 2491 ἄλλην
762 2415 860 2490 αἰτίην,
876 2412 928 2488 τήν
946 2414 1003 2493 ἐγώ

198 2507 227 2562 ἐν
247 2506 322 2562 τοῖσι
343 2501 446 2562 ὄπισθε
465 2503 580 2584 λόγοισι
601 2505 741 2580 σημανέω·
766 2501 884 2579 ἐτιμήθη
904 2501 1003 2576 μέντοι

197 2590 251 2650 ὑπό
275 2591 499 2669 Λακεδαιμονίων
523 2591 601 2652 οὐδὲν
624 2589 728 2666 ἧσσον.
770 2589 924 2664 Ἐπιάλτης
949 2591 1004 2665 μὲν

198 2679 269 2738 οὕτω
281 2679 399 2757 ὕστερον
412 2678 517 2740 τούτων
531 2680 660 2740 άπέθανε.

150 2769 208 2826 214
234 2767 320 2828 Ἔστι
341 2768 370 2826 δὲ
388 2769 480 2844 ἔτερος
498 2767 649 2848 λεγόμενος
668 2768 763 2848 λόγος,
783 2765 818 2829 ὥς
832 2764 959 2842 Ὀνήτης.
970 2791 1004 2826 τε

198 2855 214 2914 ό
230 2855 396 2936 Φαναγόρεω
412 2855 482 2932 άνήρ
498 2855 657 2932 Καρύστιος
675 2858 721 2914 καὶ
741 2853 926 2932 Κορυδαλλός
938 2853 1004 2913 Ἀν·

197 2944 321 3019 τικυρεύς
335 2945 390 3002 εἶσὶ
407 2947 434 3002 οἱ
448 2945 572 3005 εἴπαντες
585 2943 655 3018 πρός
667 2943 795 3019 βασιλέα
808 2941 923 3004 τούτους
936 2941 1005 3005 τούς

199 3029 308 3109 λόγους,
322 3032 367 3089 καὶ
380 3030 618 3110 περιηγησάμενοι
631 3030 665 3090 τὸ
676 3030 757 3108 οὖρος
767 3034 844 3090 τοῖσι
858 3029 1003 3108 Πέρσῃσι,

199 3116 325 3193 οὐδαμῶς
346 3120 410 3194 ἐμοί
427 3143 461 3198 γε
481 3110 591 3180 πιστός·
612 3123 696 3178 τοῦτο
713 3121 765 3196 μέν
782 3119 839 3200 γάρ
857 3118 926 3198 τῷδε
945 3122 1005 3198 χρὴ

200 3203 434 3278 σταθμώσασθαι,
462 3203 506 3264 ὅτι
533 3208 560 3264 οἱ
586 3209 641 3265 τῶν
663 3205 809 3282 Ἑλλήνων
836 3205 1006 3287 Πυλαγόροι

200 3288 369 3365 ἐπεκήρυξαν
383 3290 433 3350 ούκ
447 3293 492 3350 ἐπὶ
504 3291 610 3371 Ὀνήτῃ
623 3319 654 3352 τε
671 3296 717 3352 καὶ
731 3293 907 3370 Κορυδαλλῷ
919 3293 1006 3372 α’ργύ
