2258 3568
186 126 295 191 ιιι-ιο]
440 119 442 124 ’
493 129 696 180 mmmm.
971 135 986 181 ι

186 205 284 266 αὐτῶν·
299 205 392 266 εἵπετο
402 206 458 288 γάρ
469 207 503 283 δή
513 215 570 285 σφι
583 210 629 268 καὶ
642 209 781 289 όχήματα,
796 210 843 269 καὶ
856 209 989 288 θεράπον-

185 319 230 357 τες
246 295 292 354 καὶ
309 294 328 370 ή
342 300 423 354 πᾶσα
439 297 537 372 πολλή
552 297 727 375 παρασκευή·
748 297 840 358 πάντα
853 299 886 374 δή
900 303 989 359 ταῦτα

186 379 245 459 ἅμα
264 386 338 442 πᾶσι
358 385 476 444 κείνοισι
496 384 650 462 ἠφάνιστο.
693 386 765 465 μετά
786 387 824 458 δὲ,
844 387 935 467 χρόνῳ
956 387 988 447 οὔ

127 551 132 557 ¹
185 475 286 550 πολλῷ
298 470 423 549 ὕστερον,
438 474 555 550 ζήτησις
572 479 627 534 τῶν
641 475 746 553 ἀνδρῶν
759 474 863 536 τούτων
876 476 998 557 μεγάληΙ

186 562 216 618 ἐκ
225 563 281 620 τῶν
290 562 423 637 Περσέων
434 562 549 643 ἐγίνετο·
563 564 612 622 καί
618 570 711 640 σφεας
719 563 902 641 Ἀλέξανδρος
911 566 988 624 κατέ-

186 651 261 724 λαβε
274 651 373 728 σοφίῃ,
387 651 520 729 χρήματά
532 679 563 734 τε
576 651 640 715 δούς
653 652 749 712 πολλά
763 654 809 712 καὶ
821 652 874 728 τήν
887 656 988 712 έωυτοῦ

186 734 334 813 ἀδελφεήν,
356 742 392 817 τῇ
420 737 524 816 οὔνομα
547 739 583 816 ἦν
610 742 726 821 Γυγαίη·
756 739 819 804 δούς
847 741 876 800 δὲ
899 744 988 800 ταῦτα

186 825 327 902 κατέλαβε
340 824 356 885 ό
369 826 553 905 Ἀλέξανδρος
563 828 707 908 Βουβάρῃ,
719 828 798 907 άνδρὶ
810 830 919 908 Πέρση,
932 832 988 888 τῶν

185 910 334 989 διζημένων
351 915 416 978 τούς
432 915 625 994 ἀπολομένους
640 921 695 978 τῶν
709 922 883 999 στρατηγῶν.
907 917 987 994 ὁμέν

185 1025 233 1059 νυν
241 1006 296 1062 τῶν
306 1004 440 1081 Περσέων
449 1004 554 1066 τούτων
564 1004 682 1070 θάνατος
693 1006 763 1066 οὕτω
774 1006 987 1083 καταλαμφθεὶς

124 1167 128 1172 ¹
185 1088 313 1170 ἐσιγήθη.

139 1203 155 1228 ι’
220 1177 365 1256 Ἕλληνας
385 1180 414 1240 δὲ
435 1181 505 1240 εἶναι
528 1181 642 1246 τούτους
659 1180 725 1245 τούς
744 1181 802 1241 άπό
827 1180 986 1258 Περδίκκεω
996 1185 1033 1240 22

184 1266 342 1346 γεγονότας,
364 1268 486 1347 κατάπερ
510 1269 589 1330 αὐτοὶ
612 1272 738 1352 λέγουσι,
760 1269 843 1333 αύτός
862 1295 893 1329 τε
914 1268 984 1328 οὕτω

185 1354 312 1435 τυγχάνω
332 1357 516 1434 ἐπιστάμενος
536 1358 595 1438 (καὶ
615 1358 649 1434 δή
671 1361 717 1418 καὶ
738 1364 767 1419 ἒν
786 1363 864 1418 τοῖσι
882 1355 986 1418 ὄπισθε

185 1442 300 1524 λόγοισι
320 1445 445 1516 α’ποδέξω
461 1445 496 1509 ὥς
512 1451 568 1505 εἶσι
579 1445 739 1528 Ἕλληνες),
755 1447 825 1523 πρός
841 1446 878 1520 δὲ,
894 1446 940 1504 καὶ
959 1449 986 1504 οἱ

184 1530 233 1590 τόν
253 1537 282 1592 ἐν
301 1532 445 1612 Ὀλυμπίῃ
466 1534 605 1598 διέποντες
625 1534 719 1616 οἶγῶνα
742 1533 889 1610 Ἑλλήνων
913 1533 985 1594 οὕτω

185 1619 307 1698 ἔγνωσαν
321 1621 399 1681 εἶναι.
428 1621 615 1700 Ἀλεξάνδρου
628 1623 682 1704 γάρ
696 1621 838 1683 ἀεθλεύειν
849 1624 984 1698 ἑλομένου

185 1709 230 1766 καὶ
250 1709 424 1786 καταβάντος
445 1711 487 1770 ἐπ’
507 1711 575 1771 αύτδ
595 1717 687 1781 τοῦτο,
709 1715 736 1771 οἱ
756 1709 985 1788 ἀντιθευσόμενοι

183 1795 327 1873 Ἑλλήνων
340 1799 462 1879 ἐξεῖργόν
479 1825 535 1875 μιν,
551 1799 672 1876 φάμενοι
688 1799 720 1859 ού
736 1799 893 1876 βαρβάρων
913 1798 984 1880 άγω-

183 1886 297 1944 νιστέων
306 1886 374 1945 εἶναι
382 1886 432 1946 τόν
440 1886 542 1967 ἀγῶνα,
551 1887 628 1946 ἀλλὰ
635 1887 789 1963 Ἑλλήνων·
799 1887 985 1963 Ἀλέξανδρος

183 1971 213 2030 δὲ
228 1973 322 2049 ἐπειδή
339 1973 454 2044 ἀπέδεξε
475 1974 510 2037 ὦς
530 1976 572 2051 εἴη
592 1974 726 2056 Ἀργεῖος,
746 1977 841 2052 ἐκρίθη
862 2001 893 2035 τε
915 1974 985 2034 εἶναι

178 2056 290 2137 Ἕλλην
313 2062 358 2120 καὶ
385 2061 584 2143 ἀγωνιζόμενος
606 2063 722 2124 στάδιον
742 2063 926 2133 συνεξέπιπτε
946 2066 986 2142 τῷ

182 2147 291 2228 πρύτῳ.

221 2240 316 2297 Ταῦτα
327 2237 379 2315 μέν
395 2264 443 2298 νυν
459 2239 530 2298 οὕτω
547 2265 581 2316 κη
597 2240 715 2321 ἐγένετο.
758 2240 934 2322 Μεγάβαζος
954 2241 984 2300 δὲ
994 2244 1031 2299 23

181 2323 256 2405 άγων
275 2325 339 2387 τούς
359 2327 484 2390 Παίονας
501 2327 615 2388 άπίκετο
635 2330 680 2387 ἐπὶ
695 2330 745 2390 τόν
757 2329 984 2405 Ἑλλήσποντον·

181 2413 307 2474 ἐνθεῦτεν
330 2414 368 2474 δὲ’
385 2415 592 2493 διαπεραιωθεὶς
613 2416 727 2477 ἀπίκετο
749 2424 775 2481 ἔς
795 2417 905 2495 Σάρδις.
934 2417 984 2477 ἅτε

180 2501 211 2560 δὲ
223 2502 377 2581 τειχέοντος
389 2502 443 2580 ἤδη
455 2503 590 2564 Ἱστιαίου
607 2509 658 2565 τοῦ
674 2507 821 2582 Μιλησίου
838 2507 890 2584 τήν
906 2507 985 2583 παρά

181 2590 302 2666 Δαρείου
318 2591 436 2668 αἰτήσας
450 2593 530 2671 ἔτυχε
546 2593 657 2671 δωρεὴν,
671 2595 777 2671 μισθόν
791 2599 921 2672 φυλακῆς
933 2599 984 2669 τῆς

179 2679 303 2756 σχεδίης,
317 2680 411 2744 ε’όντος
424 2681 453 2740 δὲ
466 2685 515 2740 τοῦ
529 2681 621 2760 χώρου
634 2682 734 2743 τούτου
747 2683 824 2760 παρά
836 2682 983 2760 Στρυμόνα

179 2767 315 2844 ποταμόν,
330 2766 380 2850 [τῷ
397 2767 502 2846 ούνομά
519 2774 580 2829 ε’στι
596 2769 759 2853 Μύρκινος]
779 2771 876 2848 μαθιύν
893 2770 909 2830 ό
924 2776 983 2830 Με-

178 2855 305 2935 γάβαζος
324 2855 358 2916 τό
383 2857 547 2934 ποιεύμενον
568 2863 598 2916 ε’κ
622 2863 672 2918 τοῦ
691 2859 834 2931 Ἱστιαίου,
857 2857 892 2922 ὥς
912 2858 984 2935 ἦλθε

178 2942 302 3022 τάχιστα
322 2949 349 3008 ές
369 2945 419 3008 τάς
440 2946 541 3022 Σάρδις
561 2946 635 3027 ἄγων
657 2948 722 3010 τοὺς
745 2947 877 3016 Παίονας,
903 2948 982 3028 ἔλεγε

179 3032 289 3111 Δαρείῳ
301 3032 376 3092 τάδε·
398 3033 441 3092 “αἰ
454 3035 588 3109 βασιλεῦ,
604 3034 680 3094 κοῖόν
694 3059 722 3093 τι
734 3038 831 3111 χρῆμα
846 3036 983 3111 ἐποίησας

178 3119 388 3197 α’νδρὶἝλληνι
404 3122 483 3200 δεινῷ
498 3147 528 3179 τε
546 3123 592 3178 καὶ
610 3124 693 3198 σοφῷ
708 3120 771 3182 δούς
789 3121 983 3199 ε’γκτήσασθαι

177 3207 264 3269 πόλιν
291 3213 320 3268 ἐν
343 3210 464 3288 Θρηΐκῃ;
495 3209 539 3266 ἵνα
561 3207 606 3280 ἶδη
627 3231 660 3264 τε
680 3206 894 3284 ναυπηγήσιμός
921 3211 982 3262 ε’στι

177 3295 304 3372 ἄφθονος
323 3298 369 3356 καὶ
385 3297 491 3357 πολλοὶ
508 3293 619 3359 κωπέες,
640 3291 685 3350 καὶ
702 3292 831 3365 μέταλλα
850 3288 981 3363 ἀργύρεα·
