2282 3550
179 116 271 178 6-10]
429 97 436 112 '
505 115 656 164 ουοιιιιι.
931 117 978 166 223

178 197 321 273 Πέρσησι,
336 193 433 253 πολλοὶ
447 194 476 253 δὲ
485 193 631 257 ’καὶαῦτός
649 194 846 271 περιεβάλετο·
868 194 979 260 οὗτοςά

176 283 320 358 Σκυλλίης
334 287 363 340 ε’ν
376 282 429 360 νόῳ
442 285 493 356 μὲν
507 282 565 361 εἶχε
579 281 633 358 ἄρα
647 282 693 340 καὶ
711 281 847 360 πρότερον
861 283 978 362 αύτομο·

175 371 276 446 λήσειν
297 376 324 434 ἐς
343 369 408 432 τούς
423 368 574 446 Έλληνας,
596 369 661 429 ἀλλ’
676 369 709 430 ού
728 370 782 451 γάρ
804 374 831 431 οἱ
851 374 978 453 παρέσχε

174 458 210 521 ὦς
236 458 310 518 τότε·
351 457 419 537 ὅτεῳ
446 461 496 534 μὲν
524 459 558 534 δὴ
585 458 680 538 τρόπῳ
711 460 744 518 τὸ
771 461 895 520 ε’νθεῦτεν
924 460 977 538 ἤδη

173 546 289 614 ἀπίκετο
307 553 334 610 ές
351 546 416 608 τούς
429 545 580 622 Ἕλληνας,
596 547 645 606 οὐκ
662 548 716 624 ἔχω
737 547 812 606 εἶπαι
833 548 975 625 ἀτρεκέως·

173 635 290 710 θωμάζω
300 635 331 693 δὲ
344 639 367 694 εἰ
380 634 415 694 τά
429 634 568 714 λεγόμενά
582 641 643 694 ε’στι
656 635 772 710 α’ληθέα·
793 637 906 716 λέγεται
919 637 974 719 γάρ

172 721 209 784 ὥς
229 723 260 792 ἐξ
271 723 413 798 Ἀφετέων
429 722 476 785 δύς
497 728 523 785 ἐς
543 722 595 798 τήν
616 723 776 792 θάλασσαν,
792 723 823 782 ού
839 724 975 802 πρότερον

171 809 276 890 ἀνέσχε
289 811 355 888 πρὶν
369 809 387 886 ἢ
400 810 515 870 άπίκετο
533 812 579 869 ἐπὶ
596 810 629 870 ro*
642 809 828 888 Ἀρτεμίσιον,
845 813 975 876 σταδίους

171 898 299 972 μάλιστά
313 926 347 971 κη
361 899 475 962 τούτους
489 898 516 962 ές
530 898 688 980 ὀγδώκοντα
703 899 747 958 διοὶ
760 904 811 975 τῆς
825 899 974 976 θαλάσσης

170 986 324 1056 διεξελθιάν.
368 989 481 1068 λέγεται
514 989 566 1064 μέν
593 1013 640 1047 νυν
672 989 718 1046 καὶ
752 986 828 1046 ἅλλα
860 989 974 1064 ψευδέσι

170 1076 265 1134 εἴκελα
285 1077 349 1152 περὶ
369 1080 419 1135 τοῦ
440 1075 539 1152 ἀνδρὸς
562 1075 669 1134 τούτου·
704 1077 740 1135 τὰ
760 1077 790 1138 δὲ
810 1077 974 1153 μετεξέτερα

169 1162 288 1239 α’ληθέα·
309 1165 373 1240 περὶ
388 1165 484 1240 μέντοι
499 1163 599 1223 τούτου
612 1161 709 1244 γνώμη
721 1190 771 1240 μοι
787 1163 971 1242 ἀποδεδέχθω,

168 1253 260 1332 πλοίῳ
285 1279 334 1330 μιν
354 1252 505 1312 οἷπικέσθαι
526 1253 572 1311 ε’πὶ
595 1252 628 1312 τά
654 1251 842 1330 Ἀρτεμίσιον·
886 1253 920 1315 ὥς
944 1255 973 1312 δὲ

168 1337 293 1410 α’πίκετο,
311 1341 408 1400 αὐτίκα
426 1341 548 1419 ἐσήμηνε
567 1345 644 1400 τοῖσι
664 1345 851 1422 στρατηγοῖσι
871 1340 922 1416 τήν
941 1368 972 1401 τε

167 1429 302 1508 ναυηγίην
324 1429 360 1491 ὦς
380 1431 496 1509 γένοιτο,
518 1429 563 1487 καὶ
583 1429 633 1491 τὰς
654 1429 897 1506 περιπεμφθείσας
916 1434 970 1490 τῶν

167 1520 235 1576 νεῶν
256 1519 320 1594 περὶ
334 1517 465 1592 Εὔβοιαν.
510 1521 599 1576 Τοῦτο
620 1517 649 1575 δὲ
670 1515 838 1579 ἀκούσαντες
859 1521 886 1576 οἱ
901 1517 996 1576 ‘EA-9

166 1607 258 1679 ληνες,
280 1605 368 1687 λόγον
391 1607 479 1680 σφίσι
500 1605 610 1664 αὐτοῖσι
638 1605 775 1664 ἐδίδοσαν·
803 1608 920 1665 πολλῶν
940 1606 969 1664 δὲ

166 1694 331 1771 λεχθέντων,
347 1695 428 1766 ε’νίκα,
443 1693 495 1769 τὴν
507 1693 614 1769 ἡμέρην
636 1693 740 1768 ἐκείνην
760 1693 844 1752 αὐτοῦ
861 1694 969 1768 μείναν-

166 1780 216 1843 τάς
242 1807 273 1840 τε
301 1783 346 1840 καὶ
373 1781 565 1850 αὐλισθέντας,
593 1781 740 1858 μετέπειτα
767 1781 851 1840 νύκτα
877 1782 968 1858 μέσην

122 1875 125 1881 ’
166 1871 312 1946 παρέντας,
331 1869 509 1948 πορεύεσθαι,
531 1871 576 1928 καὶ
597 1868 722 1928 ἀπαντᾶν
742 1873 809 1947 τῇσι
830 1874 968 1946 περιπλω-

166 1955 271 2036 ούσησι
297 1962 352 2018 τῶν
373 1962 449 2018 νεῶν·
480 1957 555 2036 μετοὶ
579 1958 609 2016 δὲ
630 1961 720 2031 τοῦτο,
745 1957 779 2019 οἷς
804 1955 890 2020 οὐδείς
912 1964 968 2032 σφι

166 2046 301 2121 ε’πέπλωε,
326 2047 421 2122 δείλην
445 2045 528 2124 ὀψίην
552 2047 700 2126 γινομένην
720 2050 771 2120 τῆς
790 2045 894 2122 ἡμέρης
913 2053 965 2122 φυ-

165 2132 307 2204 λάξαντες,
336 2134 414 2194 αὐτοὶ
443 2134 621 2193 ἔπανέπλωον
643 2133 688 2190 ε’πὶ
708 2133 772 2195 τούς
791 2133 965 2210 βαρβάρους,

165 2219 321 2300 οἷπάπειραν
349 2222 437 2282 αὐτῶν
463 2221 640 2297 ποιήσασθαι
662 2220 834 2298 βουλόμενοι
860 2226 909 2297 τῆς
935 2250 965 2282 τε

163 2309 257 2388 μάχης
278 2313 323 2370 καὶ
343 2316 393 2370 τοῦ
414 2310 569 2370 διεκπλόου.
612 2309 755 2387 Ὀρέοντες
775 2310 806 2368 δέ
826 2318 917 2386 σφεας
938 2313 1012 2371 οἵΙΟ

164 2423 194 2455 τε
220 2398 306 2459 ἄλλοι
333 2403 501 2476 στρατιῶται
521 2402 548 2458 οἱ
568 2399 675 2473 Ξέρξεω
697 2399 742 2456 καὶ
763 2402 789 2457 οἱ
809 2400 963 2479 στρατηγοῖ

164 2487 355 2550 ε’πιπλιάοντας
387 2487 469 2563 νηυσὶ
499 2486 621 2566 ὀλίγῃσι,
652 2486 747 2566 πάγχυ
777 2494 833 2561 σφι
863 2488 964 2562 μανίην

164 2576 357 2646 ἐπενείκαντες,
371 2575 474 2657 άνῆγον
493 2576 539 2633 καὶ
557 2573 636 2634 αὐτοὶ
649 2574 700 2638 τάς
717 2576 779 2636 νέας
798 2575 964 2637 ἐλπίσαντές

162 2670 255 2738 σφεας
271 2663 403 2726 εὐπετέως
421 2664 556 2739 αἱρήσειν·
578 2661 670 2722 οἰκότα
692 2663 779 2737 κάρτα
798 2661 964 2724 ἐλπίσαντες

160 2750 211 2813 τάς
223 2753 275 2827 μέν
288 2779 321 2834 γε
339 2757 394 2812 τῶν
407 2751 552 2826 Ἑλλήνων
573 2750 695 2827 ὁρέοντες
714 2750 812 2829 ὀλίγας
828 2749 898 2818 νέας,
911 2749 961 2812 τάς

162 2836 192 2896 δὲ
218 2843 323 2899 ἑωυτῶν
349 2839 453 2915 πλήθεΐ
477 2865 508 2898 τε
531 2839 752 2900 πολλαπλασίας
780 2837 825 2894 καὶ
849 2833 961 2912 ἄμεινον

160 2925 320 2991 πλωούσας·
363 2925 626 3004 καταφρονήσαντες
661 2930 755 2995 ταῦτα,
795 2928 960 2984 ἐκυκλοῦντο

160 3012 260 3078 αὐτούς
284 3021 311 3079 ἐς
331 3017 431 3093 μέσον·
460 3013 524 3074 ὅσοι
544 3015 596 3090 μέν
619 3040 667 3074 νυν
684 3017 739 3072 τῶν
762 3013 860 3072 Ἰάνων
885 3012 960 3088 ἦσαν

160 3101 249 3162 εὔνοοι
282 3107 358 3162 τοῖσι
387 3101 522 3176 Ἕλλησι,
550 3101 676 3162 ἀέκοντές
704 3125 734 3157 τε
762 3100 959 3175 ἐστρατεύοντο

159 3188 312 3268 συμφορήν
337 3216 369 3251 τε
396 3192 537 3248 ἐποιεῦντο
563 3187 699 3266 μεγάλην,
727 3187 850 3262 ὁρέοντες
870 3211 959 3260 περιε-

158 3279 294 3361 χομένους
314 3277 414 3339 αι’ντοῦς
435 3277 479 3333 καὶ
501 3273 680 3342 ἐπιστάμενοι
705 3272 739 3333 ὥς
763 3272 850 3333 οὐδεὶς
870 3269 959 3328 αὐτῶν

1054 3415 1118 3498 Δ
