2250 3552
157 163 266 228 83-87]
470 163 657 213 ΚΑΑΑῙΟΠΗ.
703 170 705 174 ’
909 163 954 212 321

156 243 326 318 ἐποιήσαντο
351 241 445 319 θήκας·
481 244 546 303 ἔνθα
568 246 626 320 μὲν
641 243 705 306 τούς
732 243 820 320 ἰρένας
842 243 956 320 ἔθαψαν,

156 335 211 390 τῶν
233 331 279 388 καὶ
302 329 489 394 Ποσειδώνιος
513 332 559 390 καί
578 329 794 409 Ἀμομφάρετος
814 331 889 407 ἦσαν
912 330 958 390 καὶ

157 417 301 478 Φθιοκόων
319 418 412 478 τεκαὶ
433 418 642 497 Καλλικράτης.
685 425 714 479 ἐν
731 422 783 496 μὲν
803 419 836 495 δή
853 419 893 480 ἐνὶ
904 423 959 478 τῶν

157 506 255 582 τάφων
277 505 353 583 ἦσαν
377 510 404 566 οἰ
425 505 518 584 ἰρένες·
554 511 582 568 ἐν
606 507 636 567 δέ
658 512 696 586 τῷ
719 509 800 586 ἑτέρῳ
817 511 851 602 ὀἰ
873 505 959 566 ἄλλοι

160 597 343 671 Σπαρτιῆται·
365 600 393 654 ἐν
406 595 436 654 δέ
454 599 492 674 τῷ
508 597 600 674 τρίτῳ,
615 598 642 655 οἰ
659 595 778 658 εἵλωτες.
819 593 896 655 οὗτοι
909 599 961 672 μὲν

160 680 229 740 οὕτω
252 683 380 742 ἔθαπτον,
422 688 557 764 Τεγεῆται
582 683 611 742 δὲ
634 683 717 762 χωρὶς
740 683 846 746 πάντας
865 683 959 746 άλέας·

162 770 205 826 καὶ
222 769 367 846 Ἀθηναῖοι
385 769 449 834 ταῶς
468 774 573 831 ἑωυτῶν
592 770 673 849 ὁμοῦ·
701 772 747 830 καί
767 773 910 851 Μεγαρέες
928 798 959 831 τε

161 858 206 915 καί
232 857 367 918 Φλιάσιοι
392 857 457 922 τούς
478 857 534 918 ῶπδ
561 864 611 932 τῆς
639 860 725 919 ἵππου
750 859 958 937 διαφθαρέντας.

160 944 265 1006 τούτων
281 948 333 1023 μὲν
349 945 383 1022 δή
401 946 510 1007 πάντων
525 947 645 1024 πλήρεες
666 948 792 1028 ἐγένοντο
815 950 841 1006 οἰ
864 946 960 1022 τάφοι·

160 1036 214 1092 τῶν
241 1033 270 1092 δέ
297 1033 393 1094 άλλων
414 1033 478 1094 ὅσοι
506 1035 552 1094 καὶ
573 1036 720 1110 φαίνονται
741 1041 770 1095 ἐν
797 1039 962 1112 Πλαταιῇσι

162 1120 252 1186 ἐόντες
264 1121 360 1198 τάφοι,
373 1122 487 1188 τούτους
500 1123 537 1198 δὲ,
554 1123 588 1187 ῶς
602 1123 655 1204 ἐγῶ
669 1123 852 1200 πυνθάνομαι,
866 1127 962 1182 ἐπαισ-

161 1211 329 1288 χυνομένους
341 1215 376 1291 τῇ
390 1211 509 1272 α’πεστόί
521 1216 572 1288 τῆς
584 1211 685 1290 μάχης,
701 1211 834 1275 ἑκάστους
846 1210 964 1290 χώματα

162 1301 254 1378 χῶσαι
275 1299 358 1370 κεινά,
379 1303 433 1360 τῶν
454 1301 649 1382 ἐπιγινομένων
677 1301 777 1360 εἵνεκεν
805 1298 963 1376 ἀνθρώπων.

164 1386 223 1446 ἐπεὶ
239 1387 285 1445 καί
303 1389 470 1469 Αἰγινητέων
489 1391 554 1448 ἐσκέ
570 1387 667 1448 αὐτόθι
686 1388 853 1465 καλεόμενος
865 1385 964 1464 τάφος,

163 1472 213 1534 τάν
231 1474 284 1555 ἐγῶ
305 1475 395 1536 άκοόω
413 1476 459 1536 καὶ
477 1477 543 1536 δέκα
561 1478 636 1537 ἔτεσι
651 1475 770 1554 ὕστερον
785 1476 856 1555 μετά
869 1480 965 1546 ταῦτα,

165 1561 313 1638 δεηθέντων
346 1569 401 1624 τῶν
436 1566 611 1647 Αἰγινητέων,
639 1568 732 1644 χῶσαι
758 1565 890 1642 Κλεάδην
917 1564 966 1624 τδν

165 1651 317 1711 Αὐτοδίκου
332 1651 417 1730 ἄνδρα
431 1654 586 1724 Πλαταιέα,
600 1653 745 1730 πρόξεινον
759 1653 839 1714 ἐόντα
853 1653 952 1713 αὐτῶν.

204 1739 253 1804 Ὡς
269 1739 291 1800 δ’
311 1739 365 1818 ἄρα
384 1743 490 1820 ἔθαψαν
507 1741 572 1805 ταῶς
587 1742 699 1819 νεκροιίς
713 1746 742 1802 ἐν
760 1745 926 1818 Πλαταιῇσι
939 1744 966 1800 οἱ
974 1740 1012 1799 86

162 1828 306 1906 Έλληνες,
326 1829 423 1890 αὐτίκα
441 1830 678 1907 βουλευομένοισί
696 1835 752 1904 σφι
770 1829 861 1888 ἐδόκεε
881 1854 965 1905 στρα-

165 1919 295 1979 τεύεσθαι
316 1918 361 1978 ἐπὶ
380 1919 430 1982 τὰς
450 1918 557 1994 Θήβας,
578 1918 624 1976 καὶ
644 1917 773 1987 ἐξαιτέειν
794 1915 883 1976 αὐτῶν
902 1916 967 1979 τοίς

166 2007 345 2082 μηδίσαντας,
366 2011 395 2067 ἐν
413 2007 549 2084 πρώτοισι
567 2006 597 2066 δὲ
613 2005 702 2065 αὐτῶν
719 2005 903 2085 Τιμηγενίδην
921 2005 967 2062 καὶ

166 2093 337 2175 Ἀτταγῖνον,
359 2095 386 2154 οἳ
406 2095 558 2176 αἶρχηγέται
576 2093 629 2154 α’νά
644 2093 769 2172 πρώτους
783 2092 866 2168 ἦσαν·
887 2090 921 2168 ἢν
938 2092 967 2150 δὲ

167 2181 207 2258 μή
237 2182 372 2253 ἐκδιδῶσι,
399 2182 440 2260 μή
467 2182 678 2243 ἀπανίστασθαι
707 2180 764 2242 άπδ
791 2186 842 2256 τῆς
868 2180 968 2246 πόλιος

167 2269 303 2349 πρότερον
322 2270 341 2348 ἢ
361 2271 488 2342 ἐξέλωσι·
510 2271 546 2334 ῶς
566 2271 597 2330 δέ
616 2278 670 2346 σφι
691 2275 779 2330 ταῦτα
800 2270 883 2341 ἔδοξε,
898 2267 968 2330 οὕτω

169 2358 203 2434 δή
224 2360 352 2440 ἑνδεκάτῃ
371 2361 462 2440 η’μέρη
483 2360 539 2421 άπδ
559 2363 610 2436 τῆς
633 2361 786 2436 συμβολῆς
806 2359 969 2436 ἀπικόμενοι

170 2447 348 2525 ἐπολιόρκεον
374 2449 526 2525 Θηβαίους,
554 2449 712 2510 κελεύοντες
742 2448 876 2508 ἐκδιδόναι
904 2447 969 2511 τούς

170 2533 278 2613 ἄνδρας·
300 2535 333 2596 οὗ
350 2539 531 2617 βουλομένων
554 2536 584 2596 δέ
601 2540 656 2596 τῶν
674 2538 807 2612 Θηβαίων
825 2535 966 2608 ἐκδιδόναι,

169 2623 220 2699 τήν
239 2649 271 2684 τε
289 2629 344 2706 γῆν
363 2624 453 2685 αὐτῶν
473 2626 590 2702 ἔταμνον
610 2625 656 2682 καί
676 2623 881 2700 προσέβαλλον
900 2623 970 2699 πρός

169 2710 202 2771 τό
222 2715 324 2792 τεῖχος.
366 2713 424 2772 Καὶ
451 2712 482 2772 οὔ
508 2713 563 2794 γάρ
591 2711 725 2771 ἐπαύοντο
749 2709 912 2789 σινεόμενοι,
935 2714 969 2769 εἰ·
979 2711 1016 2772 87

171 2805 260 2878 κοστῇ
285 2799 375 2880 ήμέρη
402 2801 479 2870 ἔλεξε
505 2804 581 2860 τοῖσι
608 2800 763 2875 Θηβαίοισι
789 2798 970 2880 Τιμηγενίδης

171 2886 245 2946 τάδε·
267 2888 389 2966 “άνδρες
404 2890 535 2964 Θηβαῖοι,
553 2887 646 2962 ἐπειδή
665 2885 735 2947 οὕτω
751 2887 876 2947 δέδοκται
894 2890 970 2946 τοῖσι

111 3041 116 3051 ,
168 2969 302 3052 Ἕλλησι,
316 2977 356 3054 μή
369 2976 505 3054 πρότερον
518 2975 712 3052 άπαναστῆναι
725 2975 940 3051 πολιορκέοντας
952 2973 971 3050 ἦ

173 3063 290 3132 ἐξέλωσι
310 3065 417 3142 Θήβας,
438 3063 560 3142 ἢήμέας
580 3064 691 3125 αὖτοΐσι
704 3064 857 3142 παραδῶτε,
871 3068 918 3123 νῦν
935 3061 971 3123 ῶν

172 3149 264 3226 ήμέων
285 3153 374 3212 εἰνεκα
394 3157 432 3234 γῆ
452 3152 471 3228 ή
492 3154 611 3228 Βοιωτίη
638 3153 715 3211 πλέω
742 3152 781 3228 μή
809 3150 970 3228 ἀναπλήσῃ·

173 3237 239 3298 ἀλλ’
254 3244 277 3300 εἰ
296 3244 348 3318 μέν
367 3241 516 3321 χρημάτων
535 3241 693 3318 χρηίζοντες
712 3240 867 3318 πρόσχημα
884 3237 972 3314 ήμέας

174 3327 348 3402 ἐξαιτέονται,
363 3327 495 3407 χρήματά
507 3334 563 3402 σφι
579 3327 668 3403 δῶμεν
682 3331 712 3386 ἐκ
726 3331 777 3387 τοῦ
795 3330 897 3386 κοινοῦ·
917 3323 971 3385 σιίν
