2276 3554
141 141 284 203 120—125]
489 142 601 192 ΕΡᾹἸὮ.
899 148 944 196 109

140 219 294 296 Ἀθηναίων
315 222 365 281 τόν
386 223 491 299 ἐκάστη
510 225 604 284 ἐθέλοι
623 224 710 303 ἄνδρα
728 228 815 306 ἑωυτῇ
834 227 946 297 ἐκλέξα-

139 309 208 366 σθαι
222 307 304 366 ἐδωκε
317 309 406 390 τούτῳ
419 317 458 390 τῷ
471 312 557 389 ἀνδρί.
595 313 654 372 Καὶ
667 317 694 372 οἱ
707 312 923 391 Ἀλκμαιωνίδαι
935 317 992 374 123

138 395 248 469 ὁμοίως,
263 394 282 472 ἢ
299 397 383 457 οὐδὲν
398 398 494 474 ἧσσον
513 401 622 470 τούτου,
640 401 716 477 ἦσαν
735 402 944 479 μισοτύραννοι·

138 485 220 560 θῶμα
240 485 278 546 ὦν
298 513 356 563 μοι,
372 490 418 546 καὶ
439 488 471 548 ού
487 491 640 566 προσίεμαι
654 489 705 566 τὴν
719 491 868 567 διαβολήν,
882 491 945 550 τού-

135 599 201 636 τους
227 601 261 656 γε
285 575 415 646 ἀναδέξαι
441 576 550 637 ἀσπίδα
574 579 672 642 οἵτινες
696 579 815 660 ἔφευγόν
838 605 869 639 τε
895 579 945 640 τόν

136 661 229 722 πάντα
251 663 354 742 χρόνον
375 664 440 729 τούς
463 666 620 743 τυράννους,
643 672 672 726 ἐκ
694 671 822 746 μηχανῆς
843 694 875 729 τε
895 671 945 744 τῆς

135 751 242 813 τούτων
263 753 391 822 ἐξέλιπον
412 758 439 814 οἱ
462 755 695 831 Πεισιστρατίδαι
716 756 768 833 την
786 757 941 833 τυραννίδα.

136 840 182 896 καὶ
204 839 277 899 οὕτω
294 841 344 904 τάς
357 840 477 918 Ἀθήνας
490 841 567 902 οὗτοι
580 843 655 919 ἦσαν
669 847 695 903 οἱ
709 844 945 921 ἐλευθερώσαντες

135 932 238 1006 πολλῷ
251 933 364 1005 μᾶλλον
378 928 450 1008 ἥπερ
463 931 612 1008 Ἀρμόδιός
624 957 655 991 τε
666 933 712 991 καὶ
721 930 942 1013 Ἀριστογείτων,

136 1013 172 1078 ὦς
186 1016 241 1097 ε’γιύ
256 1018 347 1094 κρίνω·
370 1022 396 1077 οἶ
412 1021 464 1096 μέν
479 1019 535 1100 γάρ
555 1020 728 1101 ἐξηγρίωσαν
745 1019 811 1084 τούς
828 1020 942 1080 ύπολοί-

135 1128 205 1167 πους
223 1107 479 1182 Πεισιστρατιδέων
488 1106 648 1186 Ἵππαρχον
662 1107 881 1177 ἀποκτείναντες,
899 1108 942 1168 ού-

134 1192 167 1250 δέ
184 1182 214 1252 τι
231 1197 346 1268 μᾶλλον
366 1196 491 1254 ἔπαυσαν
509 1198 574 1258 τούς
587 1196 705 1259 λοιπούς
717 1195 940 1273 τυραννεύοντας·

133 1277 354 1357 Ἀλκμαιωνίδαι
368 1283 398 1341 δέ
412 1285 555 1360 ἐμφανέως
568 1285 768 1361 ἐλευθέρωσαν,
780 1288 803 1343 εἰ
816 1283 850 1359 δη
865 1281 945 1343 οὗτοί

133 1393 168 1447 γε
189 1368 317 1444 ἀληθέως
330 1370 405 1446 ἦσαν
426 1375 453 1430 οἱ
472 1371 524 1447 τὴν
538 1372 648 1448 Πυθίην
661 1371 861 1435 ἀναπείσαντες
874 1399 941 1450 προ-

134 1458 284 1531 σημαίνειν
297 1459 544 1534 Λακεδαιμονίοισι
563 1461 725 1537 ἐλευθεροῦν
743 1462 793 1524 τάς
813 1459 940 1537 Ἀθήνας,

134 1544 170 1607 ὦς
189 1572 240 1622 μοι
261 1546 398 1624 πρότερον
417 1549 579 1624 δεδήλωται.
621 1549 714 1608 Ἀλλά
732 1548 787 1631 γάρ
807 1552 873 1613 ἴσως
893 1576 920 1610 τι
933 1553 988 1610 124

134 1634 362 1710 ἐπιμεμφόμενοι
381 1635 535 1711 Ἀθηναίων
548 1641 586 1715 τῷ
601 1636 678 1716 δήμῳ
691 1637 876 1714 προεδίδοσαν
889 1638 940 1714 την

133 1722 265 1798 πατρίδα.
300 1721 333 1782 ού
346 1726 398 1800 μὲν
412 1723 449 1784 ὧν
462 1723 537 1799 ἦσάν
551 1731 647 1800 σφεων
660 1723 747 1784 άλλοι
762 1724 940 1802 δοκιμώτεροι

134 1811 162 1868 ἐν
175 1837 209 1890 γε
222 1807 401 1888 Ἀθηναίοισι
414 1811 516 1890 ἀνδρες,
534 1811 589 1872 οὐδ’
604 1813 630 1872 οἳ
643 1817 757 1889 μᾶλλον
771 1814 938 1890 ἐτετιμέατο.

134 1898 206 1957 οὕτω
220 1899 284 1959 ούδέ
297 1900 383 1982 λόγος
397 1902 490 1977 αἱρέει,
501 1899 686 1979 ἀναδεχθῆναι
700 1903 729 1960 ἐκ
742 1927 775 1982 γε
789 1899 823 1960 ἂν
836 1900 939 1960 τούτων

134 1984 244 2044 ἀσπίδα
258 1988 303 2046 ἐπὶ
316 1988 431 2067 τοιούτῳ
445 1989 532 2068 λόγῳ.
560 1989 695 2067 ἀνεδέχθη
708 1992 760 2066 μέν
773 1988 828 2071 γάρ
843 1988 938 2053 ἀσπίς

135 2075 180 2132 καὶ
202 2079 287 2134 τοῦτο
309 2073 359 2134 ούκ
382 2076 442 2135 ἔστι
464 2075 559 2139 άλλως
580 2080 675 2136 εἰπεῖν·
697 2079 805 2158 ἐγένετο
823 2077 887 2158 γάρ’
909 2076 939 2140 ὃς

134 2163 231 2238 μέντοι
244 2161 280 2239 ἦν
293 2163 310 2223 ό
324 2163 456 2239 ἀναδέξας
467 2163 517 2224 ούκ
532 2167 586 2243 ἔχω
596 2167 763 2242 προσωτέρω
778 2169 864 2224 εἰπεῖν
876 2165 938 2225 τού-

133 2275 198 2309 των.

177 2342 215 2398 Οἶ
233 2339 263 2398 δέ
275 2338 493 2416 Ἀλκμαιωνίδαι
514 2338 588 2414 ἦσαν
607 2342 659 2416 μέν
678 2342 724 2399 καὶ
737 2341 773 2400 τά
786 2340 917 2402 ἀνέκαθεν
928 2346 984 2402 125

134 2427 262 2504 λαμπροὶ
276 2433 305 2486 ἐν
318 2430 387 2505 τῇσι
399 2426 546 2506 Ἀθήνησι·
566 2428 623 2488 ἀπό
637 2429 666 2487 δέ
679 2428 876 2506 Ἀλκμαίωνος,
892 2432 937 2489 καὶ

133 2514 211 2579 αιἰτις
220 2515 396 2596 Μεγακλέος,
406 2516 533 2596 ἐγένοντο
548 2517 594 2574 καὶ
607 2516 694 2593 κάρτα
707 2519 843 2593 λαμπροί.
875 2524 935 2578 τοῦ·

132 2607 235 2680 τομέν
253 2603 309 2684 γάρ
322 2603 482 2680 Ἀλκμαίων
503 2604 519 2664 ό
536 2605 702 2686 Μεγακλέος
720 2611 796 2665 τοῖσι
816 2611 846 2665 ἐκ
863 2609 935 2684 Σαρ-

132 2691 197 2752 δίων
213 2692 333 2752 Λυδοῖσι
351 2691 428 2769 παρά
451 2694 578 2769 Κροίσου
596 2693 821 2770 ἀπικνεομένοισι
839 2696 884 2754 ἐπὶ
902 2695 935 2756 τό

132 2780 308 2858 χρηστήριον
321 2781 354 2840 τό
368 2785 397 2840 ἐν
411 2785 555 2856 Δελφοῖσι
571 2782 759 2860 συμπρήκτωρ
779 2808 810 2842 τε
831 2783 936 2864 ἐγίνετο

132 2869 180 2927 καὶ
194 2869 396 2945 συνελάμβανε
409 2869 567 2947 προθύμως·
589 2871 639 2928 καί
649 2896 698 2946 μιν
712 2874 836 2948 Κροῖσος
850 2872 934 2932 πυθό-

130 2983 215 3034 μενος
232 2961 288 3018 τῶν
303 2957 403 3017 Λυδῶν
421 2961 476 3017 τῶν
497 2963 525 3020 ἐς
536 2958 573 3017 τά
592 2958 752 3036 χρηστήρια
768 2959 935 3034 φοιτεόντων

131 3045 233 3105 ἑωυτόν
253 3045 283 3104 εὖ
301 3047 413 3115 ποιέειν,
429 3047 639 3122 μεταπέμπεται
659 3051 686 3110 ἐς
707 3045 816 3123 Σάρδις·
838 3046 934 3107 ἀπικό-

130 3159 216 3211 μενον
233 3134 264 3192 δέ
285 3134 413 3209 δωρέεται
433 3139 530 3211 χρυσῷ
547 3134 597 3192 τόν
610 3132 644 3193 ἂν
658 3134 770 3207 δύνηται
783 3137 821 3210 τῷ
834 3137 934 3190 ἑωυτοῦ

130 3222 244 3299 σιύματι
262 3221 451 3290 ἐξενείκασθαι
469 3220 589 3288 ἐσάπαξ·
610 3219 626 3278 ό
643 3219 673 3277 δὲ
689 3219 848 3292 Ἀλκμαίων
865 3219 935 3290 πρός

130 3311 182 3388 την
209 3309 316 3388 δωρεὴν
343 3312 446 3368 ἐοῦσαν
472 3307 602 3380 τοιαύτην
631 3304 723 3363 τοιάδε
751 3301 932 3374 ἐπιτηδεύσας
