2276 3554
147 144 291 210 ιιι-ιιι]
458 127 642 196 nomm.
901 143 948 194 ιιι

145 225 289 302 μείναντες
298 229 452 304 α’νέσχοντο
464 224 514 285 τόν
523 225 636 286 ἐπιόντα
650 225 695 284 ἐπὶ
707 224 759 301 τήν
769 223 862 303 χώρην
872 221 948 293 δέξα-

146 314 224 374 σθαι.

188 403 357 480 Πέμψαντες
376 400 432 483 γὰρ
456 404 482 461 οἱ
502 401 646 477 Ἀθηναῖοι
667 406 695 463 ές
716 399 848 476 Δελφούς
867 401 996 460 Oto-140

146 489 282 566 τρόπους,
303 489 560 568 χρηστηριάζεσθαι
580 489 656 565 ἦσαν
678 493 792 565 ἑτοῖμοι·
824 488 872 547 καί
893 493 950 563 σφι

145 577 290 653 ποιήσασι
310 579 374 655 περὶ
396 576 430 637 τό
453 576 513 654 ἱρόν
534 576 570 637 τό
597 575 772 653 νομιζόμενα,
801 574 837 639 ιός
863 580 890 638 ές
915 575 949 635 τό

146 666 272 746 μέγαρον
290 664 453 729 ἐσελθόντες
471 666 570 739 ἵζοντο,
585 670 643 746 χρᾷ
655 664 674 741 ἤ
688 665 782 742 Πυθίη
794 668 831 744 τῇ
844 662 950 741 οὕνομα

145 753 182 828 ἦν
194 753 375 832 Ἀριστονίκη
387 753 463 815 τάδε·

205 882 238 931 Ὦ
248 884 338 943 μέλεοι,
350 884 375 931 τί
386 883 509 942 κόθησθε;
526 885 604 930 λιπὼν
615 880 684 945 φεῦγ’
696 885 792 944 ἔσχατα
802 883 874 944 γαίης

212 956 314 1014 δώματα
324 957 365 1004 καί
376 956 460 1004 πόλιος
470 958 618 1017 τροχοειδέος
629 956 692 1018 όκρα
703 957 802 1018 κύρηνα.

212 1030 269 1075 οὔτε
279 1028 328 1088 γὰρ
339 1028 356 1086 ὴ
367 1029 463 1089 κεφαλὴ
473 1029 539 1086 μένει
550 1030 660 1088 ἔμπεδον,
675 1020 730 1076 οὔτέ
741 1029 770 1076 τό
781 1029 858 1086 σῶμα,

212 1101 268 1147 ούτε
280 1100 351 1148 πόδες
361 1101 449 1155 νέατοι,
463 1097 511 1148 οὔτ’
522 1099 554 1146 ὢν
564 1101 640 1162 χέρες,
656 1101 712 1148 ούτε
722 1118 746 1147 τι
757 1101 849 1159 μέσσης

211 1172 331 1230 λείπεται,
346 1170 402 1219 ἀλλ’
412 1171 491 1230 ἄζηλα
502 1173 579 1220 τέλει’
597 1173 660 1220 κατὰ
670 1172 719 1234 γάρ
729 1189 770 1231 μιν
781 1172 869 1232 ἐρείπει

212 1245 261 1304 πύρ
272 1261 300 1290 τε
311 1244 352 1292 καί
363 1245 415 1303 ὀξύς
422 1245 496 1305 ΙΙΑρης
508 1245 651 1306 Συριηγενὲς
663 1243 730 1305 ἅρμα
742 1243 839 1293 διαίκων.

211 1316 296 1363 πολλὰ
307 1316 333 1363 δέ
344 1315 412 1363 κᾶλλ’
425 1313 515 1362 ιίπολεῖ
524 1317 683 1376 πυργώματα,
698 1318 741 1364 κού
751 1316 780 1363 τό
791 1315 834 1364 σόν
845 1314 899 1362 οῖον

211 1389 319 1437 πολλούς
330 1387 351 1436 δ’
362 1388 487 1436 ἀθανάτων
498 1389 564 1448 νηούς
575 1389 674 1449 μαλερῷ
684 1389 740 1450 πυρί
751 1389 830 1446 διύσει,

212 1461 294 1508 οἴκου
304 1461 343 1508 νύν
354 1461 434 1520 ίδριδτι
444 1460 562 1522 ῥεούμενοι
569 1460 695 1518 ἑστήκασι,

211 1532 306 1590 δείματι
318 1532 474 1588 παλλόμενοι·
492 1532 555 1579 κατὰ
566 1531 588 1579 δ’
598 1530 738 1593 ιίκροτύτοις
750 1532 858 1594 ὀρόφοισι

212 1604 273 1662 αῖμα
283 1604 360 1661 μέλαν
372 1605 478 1663 κέχυται,
494 1604 590 1665 προίδόν
601 1605 733 1662 κακότητος
745 1605 859 1665 ύνύγκας.

212 1675 271 1724 ἄλλ’
283 1677 333 1724 ίτον
345 1677 370 1736 ἐξ
381 1677 483 1735 ἀδύτοιο,
497 1677 577 1724 κακοῖς
589 1677 609 1724 δ’
622 1678 759 1725 ἐπικίδνατε
771 1678 849 1736 θυμόν.

142 1791 242 1848 Ταῦτα
270 1787 438 1850 ἀκούσαντες
462 1791 489 1847 οἱ
515 1791 570 1847 τῶν
592 1786 745 1864 Ἀθηναίων
770 1785 995 1865 θεοπρόποι,141

145 1880 286 1955 συμφορῇ
305 1880 341 1954 τῇ
363 1876 485 1957 μεγίστη
514 1876 657 1953 ε’χρέωντο·
691 1874 894 1952 προβάλλουσι
920 1873 950 1932 δέ

145 1965 241 2040 σφέας
251 1963 351 2027 αύτούς
360 1963 416 2024 ύπό
426 1969 476 2024 τοῦ
487 1968 573 2023 κακοῦ
585 1967 635 2023 τοῦ
647 1964 847 2043 κεχρησμένου,
858 1962 951 2037 Τίμων

145 2051 162 2112 ό
182 2051 401 2129 Ἀνδροβούλου,
420 2055 476 2111 τῶν
498 2056 621 2128 Δελφῶν
642 2050 711 2128 ἀνὴρ
733 2051 845 2127 δόκιμος
867 2049 951 2125 όμοῖα

143 2144 185 2220 τῷ
203 2140 340 2218 μάλιστα,
365 2139 554 2216 συνεβούλευέ
577 2146 633 2214 σφι
655 2140 793 2216 ἱκετηρίην
811 2139 946 2214 λαβοῦσι,

145 2228 260 2306 δεύτερα
281 2227 357 2292 αὖτις
375 2227 509 2290 ἐλθόντας
529 2228 654 2305 χρᾶσθαι
673 2231 712 2306 τῷ
731 2226 892 2305 χρηστηρίῳ
914 2223 950 2287 οῖς

146 2318 248 2379 ἱκέτας·
270 2317 462 2393 πειθομένοισι
475 2316 505 2374 δὲ
519 2319 606 2374 ταῦτα
619 2318 695 2375 τοῖσι
708 2314 892 2391 Ἀθηναίοισι,
904 2312 950 2372 καὶ

145 2406 276 2486 λέγουσι·
304 2414 321 2439 “
330 2402 409 2476 ὦναξ,
429 2407 539 2482 χρῆσον
555 2402 623 2480 ἡμῖν
641 2402 754 2480 ἄμεινόν
772 2429 799 2463 τι
817 2403 881 2479 περὶ
900 2404 951 2477 τῆς

145 2492 289 2570 πατριδος,
316 2491 453 2555 αἰδεσθεὶς
479 2490 529 2554 τός
556 2492 692 2568 ἱκετηρίας
718 2491 805 2551 τάσδε
831 2489 881 2553 τός
905 2513 950 2548 τοι

145 2579 253 2658 ἥκομεν
271 2581 411 2658 φέροντες·
438 2579 456 2657 ἢ
478 2579 510 2640 ού
530 2605 574 2640 τοι
595 2579 696 2657 ἄπιμεν
717 2585 747 2639 έκ
767 2583 818 2640 τοῦ
839 2576 947 2650 ἀδύτου,

145 2669 213 2729 ἀλλ’
234 2668 319 2729 αὐτοῦ
338 2669 404 2748 τῇδε
424 2671 565 2746 μενέομεν,
588 2666 644 2727 ἔστ1
664 2665 698 2727 ἂν
717 2668 762 2726 καὶ
779 2663 949 2740 τελευτήσω·

145 2757 224 2834 μεν·”
252 2761 341 2816 ταῦτα
364 2755 394 2816 δὲ
415 2755 567 2838 λέγουσιή
589 2755 742 2834 πρόμαντις
761 2759 819 2834 χρᾷ
836 2751 950 2830 δεύτερα

145 2845 221 2905 τόδε·

211 2959 249 3008 Ού
257 2959 355 3006 δύναται
366 2958 468 3007 Παλλὰς
479 2957 516 3006 Δι’
530 2957 663 3017 Ὀλύμπιον
674 2956 841 3016 ἐξιλάσασθαι,

211 3031 344 3088 λισσομένη
355 3031 468 3078 πολλοῖσι
479 3031 560 3090 λόγοις
572 3031 612 3078 καί
622 3031 704 3088 μήτιδι
716 3026 801 3087 πυκνηῒ

212 3105 252 3153 σοί
263 3103 289 3151 δέ
300 3101 350 3150 τόδ’
360 3100 426 3151 αύτις
438 3104 494 3151 έπος
506 3103 570 3164 ἐρέω,
580 3099 715 3159 Ἀδόμιιντι
726 3099 861 3145 πελάσσας·

212 3177 260 3224 τῶν
272 3175 354 3223 ἄλλων
364 3176 412 3236 γὰρ
425 3174 592 3231 ἁλισκομένων,
607 3173 654 3219 ὅσα
666 3171 789 3228 Κέκροπος
801 3164 868 3226 ούρος

211 3248 278 3296 έντός
289 3247 340 3307 έχει
351 3244 457 3304 κευθμών
467 3261 495 3290 τε
506 3243 651 3302 Κιθαιρῶνος
663 3238 762 3296 ζαθέοιο,

211 3319 293 3380 τεῖχος
304 3317 444 3379 Τριτογενεῖ
453 3317 544 3374 ξύλινον
556 3312 616 3360 διδοῖ
626 3309 729 3368 εὐρύοπα
741 3307 797 3354 Ζεύς
