2282 3550
162 137 269 201 69-74]
483 139 637 188 ουνκυικ,
674 121 676 124 ’
915 142 962 192 νιν

162 217 324 294 οἰκοδόμεον
342 218 387 278 διά
407 223 457 278 τοῦ
474 217 591 295 Ἰσθμοῦ
610 223 711 298 τεῖχος·
733 218 782 280 ἅτε
797 220 827 280 δέ
845 220 964 281 ἐουσέων

160 305 313 382 μυριαδέων
339 307 469 367 πολλέων
494 307 540 365 καὶ
563 306 667 370 παντός
692 307 790 385 άνδρδς
814 308 962 389 ἐργαζομέ·

161 417 220 463 νου,
233 390 315 468 ἤνετο
326 393 359 453 τό
374 395 464 475 ἔργον·
486 395 599 475 καὶγὰρ
613 396 698 467 λίθοι,
717 396 763 454 καὶ
776 397 897 465 πλίνθοι,
916 397 963 455 καὶ

161 480 242 551 ξόλα,
257 483 302 540 καὶ
316 483 423 560 φορμοὶ
436 482 553 560 ψάμμου
566 481 686 560 πλήρεες
700 485 895 561 ἐσεφορέοντο·
917 485 962 544 καὶ

162 569 270 629 ἐλίνυον
291 568 388 629 οὐδένα
404 570 547 649 χρόνονοὶ
562 570 759 648 βοηθήσαντες
777 571 963 652 ἐργαζόμενοι,

162 655 225 716 οὔτε
237 657 333 721 νυκτός
346 657 410 718 οὔτε
422 658 536 737 ήμέρης.
579 663 616 718 Οἱ
629 659 659 718 δὲ
677 660 859 736 βωθήσαντες
873 665 900 723 ἐς
913 660 961 720 τόν
970 662 1009 721 72

161 742 278 823 Ἰσθμόν
300 747 445 824 πανδημεὶ,
467 749 525 808 οἶδε
544 746 619 823 ἦσαν
642 747 796 824 Ἑλλήνων·
831 748 964 808 Λακεδαι-

161 832 257 909 μόνιοί
275 861 306 894 τε
334 836 380 894 καὶ
405 835 538 914 Ἀρκάδες
564 835 672 906 πάντες,
701 837 745 895 καὶ
773 836 892 907 Ἠλεῖοι,
920 837 966 896 καὶ

163 923 316 998 Κορίνθιοι,
331 924 378 982 καὶ
396 923 548 994 Σικυώνιοι,
563 925 608 982 καὶ
623 923 804 1002 Ἐπιδαύριοι,
819 925 866 983 καὶ
879 923 964 984 Φλιά-

163 1034 231 1078 σιοι,
263 1011 309 1068 καὶ
338 1011 503 1088 Τροιζήνιοι,
532 1013 578 1071 καὶ
605 1012 771 1090 Ἑρμιονέες.
814 1009 891 1074 οὗτοι
913 1015 965 1090 μὲν

163 1095 238 1172 ἦσαν
256 1101 282 1156 οἱ
299 1098 496 1174 βοηθήσαντες
514 1101 560 1158 καὶ
578 1099 830 1178 ὑπεραρρωδέοντες
847 1105 884 1180 τῇ
900 1101 964 1160 Ἐλ-

163 1185 229 1244 λάδι
237 1186 440 1266 κινδυνευούσῃ·
454 1191 530 1248 τοῖσι
538 1188 568 1248 δέ
576 1187 694 1248 ἄλλοισι
703 1190 964 1266 Πελοποννησίοισι

164 1273 247 1350 ἔμελε
261 1274 345 1334 οὐδέν.
388 1274 534 1353 Ὀλύμπια
547 1277 577 1336 δὲ
591 1277 637 1336 καὶ
652 1275 774 1354 Κάρνεια
792 1277 964 1356 παροιχώκεε

161 1360 224 1437 ἤδη
266 1364 360 1422 Οέκέα
384 1363 416 1422 δὲ
442 1365 496 1440 τήν
522 1365 748 1440 Πεδρπένηησον
776 1367 858 1426 ἔθνεα
885 1367 1013 1428 ἐπτά·73

164 1449 269 1510 τούτων
279 1450 308 1510 δέ
320 1451 357 1510 τά
369 1454 421 1528 μὲν
438 1451 494 1526 δύο,
510 1452 667 1531 αὐτόχθονα
685 1453 773 1528 ἐόντα,
789 1454 859 1513 κατά
872 1455 966 1534 χώρην

166 1538 273 1615 δρυται
285 1544 333 1600 νῦν
346 1539 398 1616 τήν
412 1541 458 1600 καὶ
471 1541 504 1602 τό
518 1541 608 1600 πάλαι
622 1543 719 1617 οἴκεον,
731 1542 863 1620 Ἀρκάδες
876 1569 906 1602 τε
920 1545 966 1603 καὶ

166 1626 325 1704 Κυνούριοι·
347 1629 376 1687 ἐν
394 1629 424 1688 δέ
442 1631 526 1703 ἔθνος,
546 1629 580 1690 τό
597 1629 738 1709 Ἀχαϊκόν,
756 1637 786 1690 ἐκ
803 1635 855 1708 μέν
875 1636 966 1692 Πελο-

166 1713 308 1790 ποννήσου
335 1716 385 1776 οὐκ
413 1718 578 1798 ἐξεχώρησε,
606 1723 635 1778 ἐκ
659 1719 755 1795 μέντοι
778 1724 828 1795 τής
852 1723 966 1780 ἑωυτῶν·

166 1804 238 1862 αἶκέε
261 1803 291 1864 δέ
314 1805 366 1882 τήν
386 1805 548 1884 άλλοτρίην.
590 1807 626 1866 τοὶ
647 1808 677 1867 δέ
701 1808 788 1867 λοιποὶ
813 1809 892 1868 ἔθνεα
911 1811 967 1869 τῶν

167 1892 237 1951 ἐπτά
262 1892 409 1976 [τέσσερα]
440 1895 565 1970 ἐπήλυδά
597 1900 667 1955 ἐστι·
710 1898 828 1973 Δωριέες
854 1921 892 1970 τε,
922 1897 967 1956 καὶ

167 1982 295 2056 Αἰτωλοὶ,
314 1983 360 2041 καὶ
378 1982 512 2060 Δρύοπες,
530 1985 577 2042 καὶ
597 1982 725 2060 Λήμνιοι
769 1985 896 2060 Δωριέων
916 1986 967 2061 μέν

167 2072 277 2130 πολλαί
296 2097 328 2130 τε
352 2073 397 2130 καὶ
419 2071 528 2148 δόκιμοι
550 2071 642 2135 πόλις·
680 2075 813 2132 Αἰτωλῶν
835 2072 864 2131 δέ
878 2070 967 2137 Ἦλις

166 2158 265 2234 μούνη·
287 2158 423 2237 Δρυόπων
442 2159 471 2220 δὲ
487 2159 621 2237 Ἑρμιόνη
639 2186 669 2220 τε
688 2160 734 2219 καὶ
750 2159 882 2236 Ἀσίνηή
898 2161 968 2237 πρός

168 2246 344 2326 Καρδαμύλη
361 2251 396 2327 τῇ
412 2252 568 2327 Λακωνικῇ·
590 2248 720 2324 Λημνίων
736 2248 766 2307 δὲ
785 2253 968 2326 Παρωρεῆται

166 2334 276 2400 πάντες.
308 2340 335 2396 οἱ
348 2337 378 2396 δὲ
392 2336 542 2414 Κυνούριοι
555 2335 722 2416 αὐτόχθονες
736 2337 825 2400 ἐόντες
839 2338 968 2398 δοκέουσι

167 2426 266 2499 μοῦνοι
286 2423 355 2484 εἶναι
371 2423 472 2488 Ἴωνες·
501 2425 719 2502 ἐκδεδωρίευνται
736 2425 766 2484 δέ
784 2424 839 2485 ὑπό
857 2453 889 2486 τε
904 2425 968 2503 Ἀρ-

167 2511 249 2591 γείων
268 2511 420 2592 ἀρχόμενοι
440 2513 486 2572 καὶ
506 2518 556 2574 τοῦ
577 2514 688 2592 χρόνου,
711 2514 801 2576 ἐόντες
822 2514 969 2590 Ὀρνεῆται

169 2599 215 2657 καὶ
228 2602 372 2677 περίοικοι.
398 2601 502 2663 τούτων
515 2601 552 2663 ὧν
564 2606 619 2662 τῶν
633 2601 702 2662 ἑπτά
717 2602 814 2662 ἐθνέων
828 2605 857 2660 αἱ
870 2602 969 2661 λοιπαὶ

168 2687 259 2760 πόλις,
272 2689 362 2768 πάρεξ
373 2695 429 2752 τῶν
445 2692 587 2765 κατέλεξα,
606 2696 635 2750 ἐκ
652 2694 702 2750 τοῦ
722 2691 813 2767 μέσου
827 2691 966 2750 ἐκατέατο·

169 2781 194 2836 εἰ
207 2776 236 2836 δέ
250 2779 398 2856 ἐλευθέρως
408 2779 500 2850 ἔξεστι
514 2785 607 2854 εἰπεῖν,
617 2784 646 2839 ἐκ
656 2782 707 2840 τοῦ
719 2779 810 2856 μέσου
821 2778 969 2856 κατήμενοι

170 2865 308 2943 ἐμήδιζον.

211 2957 248 3013 Οἱ
260 2957 312 3031 μὲν
322 2954 356 3032 δή
365 2959 394 3015 ἐν
403 2958 442 3035 τῷ
453 2955 560 3034 Ἰσθμῷ
569 2955 684 3034 τοιούτῳ
694 2954 768 3034 πόνῳ
779 2956 967 3026 συνέστασαν,
977 2956 1015 3015 74

169 3041 219 3101 ἅτε
235 3043 299 3120 περὶ
314 3047 365 3102 τοῦ
381 3043 484 3106 παντός
499 3043 553 3120 ήδη
574 3043 676 3119 δρόμον
697 3043 813 3110 θέοντες,
835 3043 881 3100 καὶ
901 3048 969 3120 τῇσι

170 3131 253 3205 νηυσὶ
271 3130 320 3190 οὐκ
338 3132 496 3202 ἐλπίζοντες
514 3131 722 3207 ἐλλάμψεσθαι·
744 3131 771 3186 οἱ
786 3129 815 3185 δὲ
832 3133 860 3186 ἐν
878 3129 968 3189 Σαλα-

169 3221 229 3293 μῖνι
242 3215 317 3293 όμῶς
331 3223 421 3278 ταῦτα
438 3216 640 3292 πυνθανόμενοι
657 3213 803 3289 ἀρρώδεον,
826 3212 876 3270 οὔκ
900 3211 970 3268 οὕτω

170 3307 234 3383 περὶ
254 3309 344 3384 σφίσι
361 3306 472 3366 αὐτοῖσι
489 3302 672 3378 δειμαίνοντες
690 3299 726 3360 ὦς
744 3298 808 3370 περὶ
825 3299 861 3370 τῇ
878 3275 970 3352 Ῑῗῑλθ·
