2282 3550
159 149 269 213 11-161
486 129 650 200 omnm(
913 146 960 192 ιιι

156 229 284 288 πούτοισι
307 229 359 304 μὲν
379 226 493 303 τοιαύτη
514 226 564 297 νύξ
584 228 698 307 ἐγίνετο.
739 228 823 286 Τοῖσι
844 225 874 284 δὲ
893 250 958 303 ταχ-
972 227 1008 283 13

159 317 234 376 θεῖσι
248 315 338 375 αὐτῶν
353 313 521 390 περιπλώειν
534 315 662 388 Εὔβοιαν
680 309 699 389 ἦ
715 313 785 390 αὐτη
803 339 856 390 περ
875 317 961 372 έοῦσα

158 405 210 474 νύξ
235 404 347 463 πολλὸν
374 402 409 478 ἦν
436 405 476 462 ἔτι
502 401 663 484 άγριωτέρη,
694 402 820 482 τοσούτῳ
847 401 905 481 ὅσῳ
932 406 961 461 έν

158 493 278 574 πελάγεϊ
299 493 480 568 φερομένοισι
501 493 644 552 ἐπέπιπτε.
686 492 732 550 καὶ
751 491 784 550 τύ
805 491 886 553 τέλος
906 497 962 567 σφι

158 583 268 661 ἐγένετο
287 579 380 658 ἄχαρι·
403 579 438 642 ώς
455 581 511 661 γάρ
530 581 563 656 δη
584 579 714 640 πλώουσι
733 579 843 639 αὐτοῖσι
859 578 963 658 χειμών

158 695 190 728 τε
204 670 250 727 καὶ
262 667 296 729 τύ
309 668 380 746 ὕδωρ
398 669 547 749 ε’πεγίνετο,
565 672 644 728 έοῦσι
664 667 734 727 κατὰ
750 667 786 727 τά
801 671 896 726 Κοῖλα
913 671 963 743 τῆς

159 757 294 834 Εὐβοίης,
310 757 460 834 φερόμενοι
473 761 511 836 τῷ
529 757 666 833 πνεύματι
683 757 728 816 καὶ
744 755 794 816 οὐκ
813 756 913 818 εἰδότες
927 760 963 834 τῇ

160 847 303 922 ἐφέροντο,
318 847 467 916 ἐξέπιπτον
486 846 556 922 πρὸς
571 846 621 908 τοὶς
639 846 749 921 πέτρας.
793 843 915 904 ἐποιέετό
933 869 963 902 τε

158 939 217 993 πᾶν
231 934 285 994 ὐπύ
303 938 354 994 τοῦ
369 935 442 1004 θεοῦ,
457 933 526 996 ὅκως
540 931 575 993 ἂν
594 934 738 1009 ἐξισωθείη
755 937 794 1012 τῷ
808 931 964 1010 Ἑλληνικῷ

158 1021 194 1080 vd
208 1022 360 1098 Περσικὸν,
374 1021 445 1099 μηδὲ
458 1026 557 1100 πολλῷ
570 1022 658 1080 πλέον
673 1023 724 1094 εἴη,

202 1107 289 1170 Οὗτοι
308 1111 361 1186 μέν
381 1136 429 1170 νυν
450 1111 514 1187 περὶ
537 1110 573 1168 τά
595 1113 690 1168 Κοῖλα
706 1113 757 1185 τῆς
777 1107 903 1183 Εὐβοίης
926 1107 1010 1166 δο14

159 1198 335 1275 εφθείροντο·
365 1200 392 1257 οἶ
418 1197 442 1256 δ’
463 1204 492 1257 ε’ν
512 1197 652 1275 Ἀφέτῃσι
676 1196 830 1274 βάρβαροι,
852 1194 888 1258 ὥς
908 1202 964 1271 σφι

159 1286 312 1363 α’σμένοισι
319 1286 410 1364 ἡμέρη
419 1288 572 1364 ἐπέλαμψε,
580 1285 702 1362 άτρέμας
711 1312 742 1345 τε
752 1286 828 1364 εἶχον
836 1283 886 1348 τάς
893 1284 963 1355 νέας,

160 1377 210 1435 καί
221 1382 277 1450 σφι
291 1373 443 1454 άπεχρέετο
459 1379 548 1438 κακῶς
568 1375 734 1452 πρήσσουσι
752 1374 874 1453 ἡσυχίην
887 1371 964 1454 ἄγειν

161 1468 191 1522 ἐν
211 1467 250 1541 τῷ
269 1464 409 1540 παρέοντι·
437 1467 513 1523 τοῖσι
534 1464 564 1522 δὲ
579 1463 707 1536 Ἕλλησι
728 1461 886 1538 ε’πεβώθεον
907 1463 964 1524 νέες

160 1555 235 1627 τρεῖς
249 1551 295 1610 καὶ
312 1551 485 1627 πεντήκοντα
498 1549 632 1610 Ἀττικαί.
673 1548 758 1610 αὗταί
773 1576 803 1609 τε
823 1550 857 1626 δή
866 1558 961 1626 σφεας

161 1641 325 1716 ἐπέρρωσαν
351 1637 524 1717 άπικόμεναι,
553 1639 599 1697 καὶ
620 1637 679 1716 ἅμα
699 1639 818 1721 ἀγγελίη
840 1639 964 1698 ε’λθοῦσα

161 1727 198 1790 ὦς
218 1732 273 1788 τῶν
300 1730 456 1804 βαρβαίων
484 1731 511 1786 οἱ
537 1727 742 1804 περιπλώοντες
761 1727 812 1802 τὴν
838 1725 965 1802 Εὔβοιαν

162 1815 263 1880 πάντες
297 1818 395 1892 είησαν
421 1817 620 1893 διεφθαρμένοι
650 1815 704 1875 ὐπύ
735 1820 785 1874 τοῦ
816 1815 965 1895 γενομένου

161 1909 306 1983 χειμῶνος·
329 1905 503 1980 φυλάξαντες
519 1905 548 1962 δὲ
561 1904 613 1979 την
626 1903 712 1980 αὐτην
730 1901 810 1979 ὤρην,
826 1901 966 1964 πλώοντες

161 1993 303 2053 ε’πέπεσον
323 1994 406 2068 νηυσὶ
427 1994 599 2070 Κιλίσσῃσι·
624 1991 725 2053 ταύτας
742 1991 771 2050 δὲ
791 1990 964 2065 διαφθείραν-

161 2105 215 2148 τες,
238 2080 273 2144 άς
295 2080 417 2158 εὐφρόνη
443 2083 559 2162 ἐγένετο,
582 2079 731 2138 ἀπέπλωον
748 2079 840 2136 ὀπίσω
865 2079 909 2136 ε’πὶ
933 2077 965 2135 τύ

162 2167 351 2244 Ἀρτεμίσιον.

203 2257 290 2335 Τρίπη
304 2257 334 2315 δὲ
346 2255 445 2334 ἡμέρη,
460 2255 548 2316 δεινόν
564 2281 591 2314 τι
608 2255 792 2330 ποιησάμενοι
806 2258 833 2314 οἱ
847 2280 965 2332 στρατη·
977 2255 1012 2313 15

162 2347 210 2426 γοὶ
220 2351 275 2404 τών
284 2347 441 2422 βαρβάρων
451 2345 513 2407 νέας
522 2344 592 2403 οὕτω
600 2350 657 2418 σφι
665 2343 763 2424 ὀλίγας
770 2345 964 2421 λυμαίνεσθαι,

165 2435 211 2492 καὶ
228 2433 262 2492 τύ
279 2433 334 2493 dno*
356 2435 464 2510 Ξέρξεω
485 2433 676 2508 δειμαίνοντες,
691 2431 741 2492 οὐκ
761 2433 906 2509 ἀνέμειναν
927 2434 966 2491 ἔτι

162 2521 229 2585 τούς
236 2521 380 2597 Έλληνας
391 2522 483 2600 μάχης
497 2521 586 2600 άρξαι,
598 2519 675 2580 άλλά
688 2520 965 2598 παρακελευσάμενοι

164 2610 236 2669 κατά
250 2611 341 2687 μέσον
357 2611 461 2686 ἡμέρης
477 2610 581 2690 ἀνῆγον
601 2608 651 2672 τάς
672 2610 742 2672 νέας·
764 2610 916 2667 συνέπιπτε
937 2607 966 2666 δὲ

164 2697 238 2757 ὥστε
251 2703 313 2762 ταῖς
325 2698 420 2761 αὐταῖς
433 2699 548 2774 ἡμέραις
561 2697 611 2760 τάς
623 2723 655 2756 τε
671 2696 826 2774 ναυμαχίας
838 2695 967 2776 γίνεσθαι

164 2785 266 2849 ταύτας
294 2789 339 2846 καὶ
366 2787 416 2849 τάς
442 2787 614 2865 πεζομαχίας
634 2785 684 2848 τάς
705 2791 733 2844 έν
754 2781 966 2860 Θερμοπύλησι·

165 2873 199 2950 ἦν
220 2876 249 2935 δέ
270 2880 325 2938 πᾶς
345 2875 361 2934 ά
381 2875 456 2956 άγών
476 2880 552 2934 τοῖσι
574 2873 644 2933 κατά
665 2873 817 2934 θάλασσαν
839 2872 901 2947 περὶ
918 2874 967 2929 τοῦ

166 2961 299 3039 Εὐρίπου,
314 2963 409 3038 ὥσπερ
427 2967 503 3021 τοῖσι
522 2962 598 3038 α’μφὶ
618 2960 755 3020 Λεωνίδεα
773 2959 824 3034 την
838 2958 967 3033 ε’σβολην

165 3051 337 3127 φυλάσσειν·
379 3055 406 3110 οἱ
432 3054 483 3128 μὲν
514 3051 547 3125 δη
578 3047 803 3125 παρεκελεύοντο,
834 3047 901 3110 ὅκως
927 3046 967 3122 μή

165 3138 329 3217 παρήσουσι
358 3146 386 3203 ἐς
413 3139 465 3214 τὴν
490 3138 617 3198 Ἑλλάδα
645 3136 709 3198 τούς
737 3134 912 3212 βαρβάρους·
942 3137 968 3191 οἱ

165 3225 198 3296 δ’,
219 3226 289 3292 ὅκως
314 3229 347 3290 va
366 3227 535 3302 Ἑλληνικόν
561 3223 722 3299 στράτευμα
749 3221 965 3298 διαφθείραντες,

165 3320 216 3375 τοῦ
230 3317 319 3392 πόρου
334 3314 518 3394 κρατήσουσι.
552 3311 601 3372 Ὡς
615 3311 644 3368 δὲ
656 3309 805 3384 ταξάμενοι
819 3312 846 3368 οί
859 3309 966 3384 Ξέρξεω
979 3307 1014 3364 16
