2258 3568
596 21 656 80 3.

206 152 237 193 ου
510 148 697 197 Ἧνοιοτοτ
944 147 1005 212 [VI.

205 225 259 302 ἔχω
275 224 376 285 ἐλπίδα
395 225 436 302 μή
457 225 489 286 ου’
510 227 610 288 δώσειν
630 226 716 303 ὑμέας
731 225 810 302 δίκην
829 228 868 306 τῷ
885 227 1008 302 βασιλέϊ

203 315 254 387 τῆς
275 312 460 377 ἀποστάσιος.
502 313 568 374 ἀλλ’
585 316 650 392 ἐμοί
667 341 698 375 τε
720 313 855 375 πείθεσθε
876 315 923 373 καὶ
945 318 1009 392 ἐμοὶ

204 399 290 476 ὑμέας
313 401 412 464 αὐτοῦς
433 403 609 480 ἐπιτρέψατε·
634 403 681 462 καὶ
702 401 768 478 ὑμῖν
792 401 854 483 ἐγώ,
878 403 949 464 θεῶν
973 405 1009 464 τά

204 488 255 548 ἰ’σα
275 488 421 566 νεμόντων,
435 490 606 567 ὑποδέκομαι
618 489 637 567 ἢ
651 490 684 551 οὗ
704 491 853 567 συμμίξειν
872 490 938 555 τούς
958 519 1008 552 πο-

204 575 363 654 λεμίους,ἢ
387 579 601 659 συμμίσγοντας
624 577 736 638 πολλόν
760 578 1009 640 ἐλασσώσεσθαι.”

158 667 194 725 12
206 670 300 726 Ταῦτα
316 665 485 731 ἀκούσαντες
498 670 525 726 οἱ
539 665 632 730 Ἴωνες
645 662 834 744 ἐπιτρέπουσι
846 667 940 742 σφέας
960 667 1008 728 αὖ·

203 754 267 817 τοῦς
279 758 318 834 τῷ
331 755 480 834 Διονυσίῳ.
512 754 528 814 ὁ
543 755 580 824 δέ,
596 753 705 836 ἀνάγων
718 753 852 814 ἐκάστοτε
867 755 912 814 ἐπὶ
926 757 1009 834 κέρας

203 840 260 905 τάς
274 844 344 911 νέας,
366 842 435 907 ὅκως
455 847 532 903 τοῖσι
553 844 664 921 ἐρέτῃσι
685 841 834 922 χρήσαιτο,
858 843 1010 906 διέκπλοον

202 929 365 1008 ποιεύμενος
384 935 452 1010 τῇσι
470 931 552 1007 νηυσὶ
569 931 603 990 δι’
619 930 777 1008 ἀλληλέων,
799 931 846 989 καὶ
863 931 929 994 τούς
950 937 1008 992 ἐπι·

203 1018 296 1094 βάτος
320 1017 457 1090 ὁπλίσειε,
481 1019 514 1080 τὰ
538 1019 640 1080 λοιπὸν
663 1023 714 1094 τῆς
736 1017 842 1095 ἡμέρης
867 1018 918 1083 τοὶς
945 1022 1008 1085 νέας

204 1107 303 1186 έχεσκε
322 1106 364 1168 ἐπ’
377 1107 526 1189 ἀγκυρέων·
548 1108 667 1186 παρεῖχέ
683 1129 714 1167 τε
732 1109 810 1166 τοῖσι
818 1105 900 1167 Ἴωσι
919 1108 1008 1170 πόνον

203 1195 238 1254 δι’
250 1195 364 1273 ήμέρης.
406 1197 491 1275 μέχρι
504 1196 556 1273 μέν
569 1222 618 1256 νυν
630 1195 754 1273 ἡμερέων
769 1193 840 1255 ἐπτά
862 1197 1008 1258 ἐπείθοντό

201 1309 233 1344 τε
251 1286 297 1343 καὶ
315 1285 423 1344 ἐποίευν
444 1283 477 1344 τά
499 1283 689 1361 κελευόμενον·
710 1287 746 1362 τῇ
767 1283 797 1343 δέ
814 1284 859 1342 ἐπὶ
877 1283 1006 1363 ταύτῃσι,

202 1371 242 1452 [οἱ
250 1371 354 1452 Ἴωνες]
369 1372 414 1430 οἶα
427 1371 547 1434 ἀπαθέες
561 1370 652 1435 ἐόντες
665 1371 757 1432 πόνων
770 1369 901 1432 τοιούτων
913 1399 1006 1451 τετρυ-

201 1461 280 1536 μένοι
301 1486 332 1519 τε
353 1459 562 1539 ταλαιπωρίῃσί
580 1486 612 1520 τε
633 1459 679 1518 καὶ
700 1457 793 1538 ἠελίῳ,
816 1460 914 1530 ἔλεξαν
935 1461 1006 1538 πράς

202 1547 316 1610 έωυτοῦς
326 1547 400 1606 τάδε·
419 1558 436 1584 “
444 1549 506 1607 τίνα
520 1547 657 1626 δαιμόνων
669 1546 849 1625 παραβάντες
861 1548 927 1608 τάδε
941 1547 1006 1609 ἀνα-

201 1637 375 1713 πίμπλαμεν,
387 1637 486 1700 οἵτινες
498 1635 770 1714 παραφρονήσαντες
784 1636 830 1695 καὶ
842 1636 1005 1699 ἐκπλώσαν-

200 1749 246 1787 τες
264 1729 294 1784 ἐκ
313 1728 363 1784 τοῦ
383 1724 457 1794 νόου,
472 1725 550 1802 ἀνδρὶ
563 1725 672 1784 Φωκαέῖ
692 1723 807 1796 ἀλαζόνι
823 1727 1005 1806 παρεχομένῳ

201 1812 264 1876 νέας
279 1816 353 1890 τρεῖς
373 1814 569 1892 ἐπιτρέψαντες
587 1812 675 1890 ἡμέας
691 1812 790 1876 αὐτοιλς
809 1813 923 1892 ἔχομενς
945 1813 1006 1874 ὅδὲ

201 1902 379 1978 παραλαβών
392 1901 488 1978 ἡμέας,
503 1902 667 1978 λυμαίνεται
682 1900 793 1980 λύμῃσι
813 1900 1004 1976 ἀνηκέστοισι·

201 1990 248 2048 καὶ
270 1989 304 2066 δη
326 1990 433 2049 πολλοὶ
456 1991 508 2067 μέν
529 1989 621 2065 ἡμέων
642 1993 670 2053 ἐς
692 1987 810 2052 νούσους
831 1989 1004 2065 πεπτώκασι,

200 2078 307 2137 πολλοὶ
331 2077 360 2136 δέ
388 2077 511 2148 ἐπίδοξοι
536 2076 624 2138 τώυτά
649 2080 733 2137 τοῦτο
761 2078 916 2137 πείσεσθαί
938 2083 1004 2138 εἰσι·

199 2164 255 2242 πρό
268 2191 299 2224 τε
311 2165 416 2226 τούτων
428 2169 484 2225 τῶν
497 2169 587 2225 κακῶν
600 2163 668 2242 ἡμῖν
678 2191 711 2245 γε
724 2165 908 2241 κρέσσονκαὶ
922 2165 1006 2228 ὁτιῶν

202 2251 278 2312 ἄλλο
300 2254 414 2313 παθέειν
435 2254 505 2325 ἐστὶ,
532 2253 578 2312 καὶ
600 2252 652 2329 τὴν
678 2253 843 2330 μέλλουσαν
870 2253 1005 2332 δουληίην

199 2340 354 2414 ὑπομεῖναι,
368 2340 428 2417 ἥτις
449 2343 536 2411 ἔσται,
552 2344 667 2418 μᾶλλον
686 2339 756 2419 ἢτῇ
774 2339 916 2420 παρεούσῃ
936 2368 1003 2403 συν·

200 2428 325 2505 έχεσθαι.
360 2431 467 2506 φέρετε,
481 2434 532 2489 τοῦ
546 2433 648 2489 λοιποῦ
661 2428 702 2506 μή
716 2427 876 2504 πειθώμεθα
890 2427 1005 2489 αὐτοῦ.”

199 2521 288 2575 ταῦτα
302 2516 408 2586 ἔλεξαν·
430 2518 476 2576 καὶ
488 2517 561 2593 μετὰ
573 2521 661 2580 ταῦτα
675 2515 772 2576 αὐτίκα
789 2517 936 2578 πείθεσθαι
958 2517 1004 2578 οὖ-

199 2603 253 2666 δεὶς
265 2603 360 2680 ἤθελε·
382 2605 455 2674 ἀλλ’,
471 2605 515 2664 οἶα
530 2607 658 2682 στρατιὴ,
672 2604 778 2680 σκηνάς
796 2630 827 2664 τε
845 2604 1004 2682 πηξάμενοι

199 2697 227 2752 ἐν
245 2697 281 2772 τῇ
298 2693 376 2774 ιη’σιρ
397 2694 639 2770 ἐσκιητροφέοντο,
653 2694 699 2752 καὶ
713 2693 857 2770 ἐσβαίνειν
874 2691 924 2752 οὐκ
943 2695 1002 2753 ἐθέ-

153 2782 188 2839 13
200 2786 305 2842 λεσκον
326 2787 352 2846 ἐς
369 2781 420 2844 τάς
437 2783 506 2854 νέας,
527 2781 583 2842 οὐδ’
596 2780 810 2859 ἀναπειρᾶσθαι.
853 2780 1003 2845 Μαθόντες

200 2869 332 2930 δὲταῦτα
351 2869 484 2951 γινόμενα
502 2876 531 2929 ἐκ
544 2875 599 2931 τῶν
612 2869 710 2931 Ἰώνων
727 2873 754 2929 οἱ
770 2869 926 2950 στρατηγοὶ
946 2873 1003 2931 τῶν

198 2958 318 3034 Σαμίων,
333 2959 451 3018 ἐνθαῦτα
472 2957 505 3034 δη
528 2958 592 3035 παρ’
606 2958 723 3021 Αἰάκεος
744 2961 794 3017 τοῦ
816 2959 1003 3022 Συλοσῶντος
1062 3027 1064 3032 Ι

199 3045 303 3108 κείνους
320 3043 385 3108 τούς
402 3044 537 3122 πρότερον
556 3047 660 3123 ἔπεμπε
681 3045 785 3126 λόγους
797 3045 814 3104 ὁ
828 3043 942 3121 Αἰάκης,
957 3071 1002 3106 κε-

198 3131 334 3190 λευόντων
353 3134 409 3191 τῶν
430 3134 572 3208 Περσέων,
596 3131 724 3210 δεόμενός
751 3139 848 3208 σφεων
875 3136 1002 3194 ἐκλιπεῖν

198 3217 250 3291 τήν
261 3217 359 3278 Ἰώνων
373 3220 612 3296 συμμαχίην,-οἱ
624 3220 725 3297 Σάμιοι
739 3219 784 3290 ὧν,
795 3220 926 3298 ὁρέωντες
939 3219 1001 3297 ἅμα

198 3306 250 3379 μέν
264 3307 366 3365 ἐοῦσαν
379 3304 495 3380 ἀταξίην
507 3307 620 3381 πολλὴν
636 3312 666 3365 ἐκ
682 3310 737 3367 τῶν
749 3306 856 3377 Ἰώνων,
871 3306 1000 3369 ἐδέκοντο
