2258 3568
159 137 271 206 73-76]
472 125 677 186 wamxopn'.
937 137 969 184 ιι

157 221 212 294 μὲν
236 219 270 294 δή
290 217 461 281 ἀπελθόντες
482 222 510 280 ἐς
532 219 585 294 τῆν
606 219 720 291 ἑωυτῶν,
734 216 823 278 αἰτίας
843 213 970 296 μεγάλας

159 306 245 386 εἶχον.
413 370 415 376 ,

201 395 366 471 Κλεομένης
393 394 423 454 δέ
450 394 636 471 ἐπιστάμενος
662 391 865 469 περιϋβρίσθαι
888 393 967 450 ἔπεσι
977 392 1016 452 74

159 484 207 542 καὶ
221 484 330 564 ἔργοισι
349 481 396 542 ὕπ’
416 481 580 558 Ἀθηναίων,
595 483 730 561 συνέλεγε
751 485 781 538 ἐκ
801 479 897 553 πάσης
912 486 966 538 Πε-

158 571 341 647 λοποννῆσου
366 570 498 647 στρατόν,
524 569 556 630 οὕ
579 569 744 647 φράζωνές
766 567 799 628 τό
821 570 967 647 συλλέγει,

158 661 301 719 τίσασθαί
318 685 348 718 τε
371 659 474 718 ἐθέλων
494 657 545 718 τόν
561 658 651 734 δῆμον
667 661 722 716 τῶν
741 655 903 732 Ἀθηναίων,
918 656 965 714 καὶ

158 746 314 827 Ἰσαγόρην
326 747 503 824 βουλόμενος
519 745 654 823 τύραννον
668 748 856 819 καταστῆσαι·
871 745 965 812 συνεξ-

120 867 123 871 ·
158 837 233 911 ῆλθε
253 836 308 917 γάρ
326 840 352 896 οἶ
371 834 453 898 οὗτος
471 840 501 894 ἐκ
515 839 566 910 τῆς
580 833 759 911 ἀκροπόλιος.
802 833 967 909 Κλεομένης

157 950 190 983 τε
206 924 242 1000 δῆ
261 925 357 1004 στόλῳ
374 923 490 1004 μεγάλῳ
509 924 633 998 ἐσέβαλε
651 927 678 984 ἐς
694 921 853 989 Ἐλευσῖνα,
868 921 915 978 καὶ
936 922 963 979 οἱ

159 1014 280 1072 Βοιωτοὶ
293 1013 348 1073 α’πό
363 1011 542 1088 συνθήματος
552 1011 655 1086 Οἰνόην
664 1011 790 1086 αἱρέουσι
801 1009 847 1066 καὶ
856 1007 965 1077 Ὑσιάς,

159 1101 266 1177 δήμους
285 1101 349 1164 τούς
370 1101 507 1179 ἐσχάτους
528 1105 579 1174 τῆς
597 1098 735 1173 Ἀττικῆς·
760 1096 914 1158 Χαλκιδέες
934 1121 966 1155 τε

160 1191 207 1248 ἐπὶ
228 1190 264 1248 τά
283 1191 363 1266 ἐτερα
383 1185 509 1248 ἐσίνοντο
529 1187 650 1248 ἐπιόντες
669 1184 799 1266 [χώρους]
818 1189 868 1259 τῆς
883 1182 973 1243 Ἀττι-

160 1281 222 1353 κῆς.
248 1277 392 1354 Ἀθηναῖοι
406 1277 444 1346 δέ,
459 1277 557 1353 καίπερ
572 1274 737 1352 ἀμφιβολίῃ
749 1272 886 1351 ἐχόμενοι,
901 1279 965 1332 Βοι-

160 1371 239 1424 ωτῶν
251 1369 302 1442 μὲν
313 1367 357 1424 καὶ
369 1365 532 1424 Χαλκιδέων
546 1369 573 1427 ἐς
586 1362 705 1439 ὕστερον
719 1363 839 1438 ἐμελλον
852 1360 965 1440 μνήμην

159 1453 342 1530 ποιήσεσθαι·
358 1451 620 1529 Πελοποννησίοισι
631 1451 668 1519 δέ,
681 1453 758 1509 ἐοῦσι
773 1455 802 1509 ἐν
811 1449 963 1518 Ἐλευσῖνι,

159 1542 243 1602 α’ντία
257 1544 349 1603 ἔθεντο
362 1542 398 1602 τά
412 1541 499 1602 ὅπλα.
541 1539 715 1598 Μελλόντων
734 1539 763 1598 δέ
779 1538 914 1616 συνάψειν
927 1538 963 1597 τά
973 1540 1011 1598 75

160 1631 341 1708 στρατόπεδα
355 1636 382 1693 ἐς
395 1629 499 1709 μάχην,
511 1630 657 1706 Κορίνθιοι
670 1629 721 1704 μὲν
732 1632 837 1704 πρῶτοι
846 1628 902 1703 σφὶ
916 1625 963 1686 αὖ·

158 1723 238 1778 τοῖσι
253 1717 344 1781 δόντες
354 1718 443 1799 λόγον
458 1718 492 1780 ως
506 1716 539 1776 οὗ
553 1720 659 1776 ποιοῖεν
669 1715 704 1774 τοὶ
716 1715 815 1785 δίκαια,
824 1715 964 1792 μετεβάλ-

159 1805 248 1866 λοντό
260 1831 291 1865 τε
305 1807 351 1864 καὶ
366 1805 602 1865 ἀπαλλάσσοντο·
623 1803 695 1880 μετά
714 1803 751 1874 δὲ,
767 1803 935 1880 Δημάρητος
948 1802 964 1862 ὁ

159 1892 337 1970 Ἀρίστωνος,
356 1893 407 1952 ἐῶν
429 1894 474 1952 καὶ
497 1890 578 1955 οὗτος
598 1891 739 1968 βασιλευς
760 1893 963 1967 Σπαρτιητέων,

160 1983 207 2040 καὶ
224 1982 420 2063 συνεξαγαγών
440 2007 471 2040 τε
486 1981 538 2057 τῆν
556 1979 691 2058 στρατιῆν
711 1985 740 2038 ἐκ
756 1979 965 2055 Λακεδαίμονος

161 2070 208 2128 καὶ
222 2069 271 2128 οὐκ
286 2069 336 2130 ἐάν
349 2070 484 2147 διάφορος
497 2073 576 2147 ἐντῷ
589 2068 716 2146 πρόσθεν
732 2067 822 2147 χρόνῳ
837 2068 964 2144 Κλεομέ·

161 2165 210 2216 νεῖ·
233 2158 301 2238 (άπὸ
316 2159 345 2217 δὲ
358 2157 460 2233 ταύτης
472 2162 522 2232 τῆς
537 2157 721 2236 διχοστασίης
734 2157 814 2232 ἐτέθη
829 2156 913 2233 νόμος
934 2161 964 2216 ἐν

161 2245 287 2326 Σπάρτῃ,
300 2247 340 2323 μῆ
356 2247 456 2316 ἐξεῖναι
471 2247 588 2306 ἕπεσθαι
610 2246 786 2322 ἀμφοτέρους
799 2245 864 2308 τούς
876 2247 963 2322 βασι-

160 2338 233 2410 λῆας
252 2335 380 2412 ἐξιούσης
401 2339 451 2412 τῆς
473 2339 616 2412 στρατιῆς·
640 2336 707 2396 τέως
728 2333 782 2414 γάρ
804 2333 961 2412 ἀμφότεροι
995 2377 1002 2390 ,

161 2423 283 2482 εἵποντο·
305 2424 520 2500 παραλυομένου
534 2423 564 2481 δὲ
576 2422 680 2482 τούτων
696 2427 746 2481 τοῦ
763 2424 866 2500 ἐτέρου,
881 2449 962 2482 κατα·

159 2512 311 2571 λείπεσθαι
325 2513 370 2570 καὶ
383 2515 438 2570 τῶν
451 2511 637 2588 Τυνδαριδέων
649 2510 698 2569 τόν
716 2511 819 2588 ἕτερον·
840 2512 895 2588 πρὸ
910 2514 962 2570 τοῦ

159 2599 264 2679 γάρδῆ
283 2597 422 2658 καὶοῦτοι
440 2599 605 2675 ἀμφότεροι,
620 2600 767 2674 ἐπίκλητοί
786 2607 842 2675 σφι
860 2600 959 2670 ἐόντες,

160 2687 294 2768 εἴπαντα)
314 2687 379 2748 τότε
393 2687 426 2764 δῆ
441 2693 470 2746 ἐν
483 2691 519 2766 τῇ
532 2687 674 2746 Ἐλευσῖνι
683 2687 812 2764 ὁρέωντες
823 2691 849 2746 οἱ
863 2689 961 2747 λοιποὶ

158 2779 215 2834 τῶν
228 2775 386 2855 συμμάχων
399 2776 463 2838 τούς
475 2800 505 2834 τε
515 2777 662 2851 βασιλῆας
671 2782 725 2834 τῶν
736 2777 960 2853 Λακεδαιμονίων

160 2862 210 2921 οὐκ
238 2863 444 2944 ὁμολογέοντας
471 2864 517 2922 καὶ
539 2865 704 2940 Κορινθίους
726 2864 889 2927 ἐκλιπόντας
909 2864 961 2940 τῆν

159 2951 247 3021 τάξιν,
263 2953 374 3030 οἴχοντο
389 2953 434 3010 καὶ
453 2951 531 3011 αὐτοὶ
551 2951 817 3028 ἀπαλλασσόμενοι.
858 2953 958 3031 Τέταρ-
969 2957 1007 3016 76

158 3065 209 3099 τον
226 3039 260 3116 δῆ
278 3045 361 3100 τοῦτο
378 3041 424 3100 ἐπὶ
441 3040 493 3116 τῆν
506 3039 636 3113 Ἀττικῆν
655 3039 818 3114 ἀπικόμενοι
834 3043 960 3117 Δωριέες,

159 3134 201 3198 δίς
213 3161 244 3194 τε
258 3137 303 3194 ἐπὶ
316 3138 431 3215 πολέμῳ
446 3133 618 3210 ἐσβαλόντες
633 3133 678 3189 καὶ
692 3133 732 3193 δὶς
746 3133 787 3190 ἐπ’
801 3133 897 3212 ἀγαθῷ
910 3137 960 3192 τοῦ

158 3223 284 3299 πλήθεος
305 3229 355 3285 τοῦ
373 3223 537 3299 Ἀθηναίων·
561 3223 670 3294 πρῶτον
691 3220 750 3291 μὲν,
771 3218 817 3276 ὅτε
840 3221 885 3276 καὶ
901 3220 959 3275 Μέ-

158 3337 235 3392 γαρα
249 3313 420 3374 κατοίκισαν·
437 3308 529 3387 (οὗτος
542 3306 558 3366 ό
573 3303 686 3371 στόλος,
695 3303 741 3360 ἐπὶ
750 3303 861 3376 Κόδρου
874 3305 959 3376 βῶσι·
