<?xml version="1.0" encoding="UTF-8"?>
<!DOCTYPE html PUBLIC "-//W3C//DTD XHTML 1.0 Transitional//EN"
    "http://www.w3.org/TR/xhtml1/DTD/xhtml1-transitional.dtd">
<html xmlns="http://www.w3.org/1999/xhtml" xml:lang="en" lang="en">
 <head>
  <title>
</title>
<meta http-equiv="Content-Type" content="text/html;charset=utf-8" />
  <meta name='ocr-system' content='tesseract 3.04.00' />
  <meta name='ocr-capabilities' content='ocr_page ocr_carea ocr_par ocr_line ocrx_word'/>
</head>
<body>
  <div class='ocr_page' id='page_1' title='image "./herodotusrecens00blakgoog_0056.png"; bbox 0 0 2258 3568; ppageno 0'>
   <div class='ocr_carea' id='block_1_1' title="bbox 119 163 1026 3408">
    <p class='ocr_par' dir='ltr' id='par_1_1' title="bbox 166 163 977 1031">
     <span class='ocr_line' id='line_1_1' title="bbox 172 163 975 232; baseline -0.002 -16"><span class='ocrx_word' id='word_1_1' title='bbox 172 170 203 217; x_wconf 78' lang='grc' dir='ltr'>ιο</span> <span class='ocrx_word' id='word_1_2' title='bbox 482 166 667 214; x_wconf 75' lang='grc' dir='ltr'>Ἧοοιοοοτ</span> <span class='ocrx_word' id='word_1_3' title='bbox 929 163 975 232; x_wconf 76' lang='grc' dir='ltr'>[ν.</span> 
     </span>
     <span class='ocr_line' id='line_1_2' title="bbox 169 243 977 322; baseline -0.002 -17"><span class='ocrx_word' id='word_1_4' title='bbox 169 243 382 322; x_wconf 68' lang='grc' dir='ltr'>ἀρρωδήσαντες</span> <span class='ocrx_word' id='word_1_5' title='bbox 394 243 489 303; x_wconf 73' lang='grc' dir='ltr'>αὐτοῦ.</span> <span class='ocrx_word' id='word_1_6' title='bbox 525 245 586 301; x_wconf 88' lang='grc' dir='ltr'>ἐπεί</span> <span class='ocrx_word' id='word_1_7' title='bbox 602 270 633 302; x_wconf 89' lang='grc' dir='ltr'>τε</span> <span class='ocrx_word' id='word_1_8' title='bbox 647 244 676 302; x_wconf 85' lang='grc' dir='ltr'>δέ</span> <span class='ocrx_word' id='word_1_9' title='bbox 690 247 716 302; x_wconf 81' lang='grc' dir='ltr'>οἱ</span> <span class='ocrx_word' id='word_1_10' title='bbox 730 245 851 308; x_wconf 82' lang='grc' dir='ltr'>Παίονες</span> <span class='ocrx_word' id='word_1_11' title='bbox 863 243 977 304; x_wconf 88' lang='grc' dir='ltr'>ἀπικέα-</span> 
     </span>
     <span class='ocr_line' id='line_1_3' title="bbox 169 332 977 408; baseline 0.002 -16"><span class='ocrx_word' id='word_1_12' title='bbox 169 359 203 393; x_wconf 91' lang='grc' dir='ltr'>το</span> <span class='ocrx_word' id='word_1_13' title='bbox 218 335 263 392; x_wconf 86' lang='grc' dir='ltr'>ἐπὶ</span> <span class='ocrx_word' id='word_1_14' title='bbox 278 333 431 392; x_wconf 80' lang='grc' dir='ltr'>θάλασσαν</span> <span class='ocrx_word' id='word_1_15' title='bbox 444 333 572 392; x_wconf 83' lang='grc' dir='ltr'>ἐνθεῦτεν</span> <span class='ocrx_word' id='word_1_16' title='bbox 583 338 609 397; x_wconf 87' lang='grc' dir='ltr'>ἐς</span> <span class='ocrx_word' id='word_1_17' title='bbox 624 333 694 392; x_wconf 89' lang='grc' dir='ltr'>Χίον</span> <span class='ocrx_word' id='word_1_18' title='bbox 708 332 856 408; x_wconf 76' lang='grc' dir='ltr'>διέβησαν·</span> <span class='ocrx_word' id='word_1_19' title='bbox 878 332 977 394; x_wconf 92' lang='grc' dir='ltr'>ἐόντων</span> 
     </span>
     <span class='ocr_line' id='line_1_4' title="bbox 169 420 977 501; baseline 0.001 -20"><span class='ocrx_word' id='word_1_20' title='bbox 169 421 199 481; x_wconf 80' lang='grc' dir='ltr'>δέ</span> <span class='ocrx_word' id='word_1_21' title='bbox 212 421 266 498; x_wconf 86' lang='grc' dir='ltr'>ἤδη</span> <span class='ocrx_word' id='word_1_22' title='bbox 282 428 311 481; x_wconf 83' lang='grc' dir='ltr'>ἐν</span> <span class='ocrx_word' id='word_1_23' title='bbox 321 423 389 501; x_wconf 81' lang='grc' dir='ltr'>Χίῳ,</span> <span class='ocrx_word' id='word_1_24' title='bbox 405 421 476 481; x_wconf 83' lang='grc' dir='ltr'>κατά</span> <span class='ocrx_word' id='word_1_25' title='bbox 491 421 579 485; x_wconf 80' lang='grc' dir='ltr'>πόδας</span> <span class='ocrx_word' id='word_1_26' title='bbox 593 420 730 498; x_wconf 74' lang='grc' dir='ltr'>ἐληλύθεε</span> <span class='ocrx_word' id='word_1_27' title='bbox 744 421 878 499; x_wconf 86' lang='grc' dir='ltr'>Περσέων</span> <span class='ocrx_word' id='word_1_28' title='bbox 892 421 977 487; x_wconf 81' lang='grc' dir='ltr'>ἵππος</span> 
     </span>
     <span class='ocr_line' id='line_1_5' title="bbox 168 509 976 586; baseline -0.001 -15"><span class='ocrx_word' id='word_1_29' title='bbox 168 511 267 586; x_wconf 71' lang='grc' dir='ltr'>πολλῆ</span> <span class='ocrx_word' id='word_1_30' title='bbox 289 509 428 570; x_wconf 72' lang='grc' dir='ltr'>διώκουσα</span> <span class='ocrx_word' id='word_1_31' title='bbox 446 510 511 573; x_wconf 79' lang='grc' dir='ltr'>τούς</span> <span class='ocrx_word' id='word_1_32' title='bbox 529 511 664 574; x_wconf 86' lang='grc' dir='ltr'>Παίονας.</span> <span class='ocrx_word' id='word_1_33' title='bbox 706 509 742 573; x_wconf 82' lang='grc' dir='ltr'>ὦς</span> <span class='ocrx_word' id='word_1_34' title='bbox 760 510 790 569; x_wconf 80' lang='grc' dir='ltr'>δέ</span> <span class='ocrx_word' id='word_1_35' title='bbox 807 509 839 569; x_wconf 89' lang='grc' dir='ltr'>ού</span> <span class='ocrx_word' id='word_1_36' title='bbox 859 509 976 570; x_wconf 87' lang='grc' dir='ltr'>κατέλα·</span> 
     </span>
     <span class='ocr_line' id='line_1_6' title="bbox 167 598 976 679; baseline -0.001 -20"><span class='ocrx_word' id='word_1_37' title='bbox 167 602 233 676; x_wconf 88' lang='grc' dir='ltr'>βον,</span> <span class='ocrx_word' id='word_1_38' title='bbox 250 598 462 679; x_wconf 73' lang='grc' dir='ltr'>ἐπηγγέλλοντο</span> <span class='ocrx_word' id='word_1_39' title='bbox 483 604 511 662; x_wconf 89' lang='grc' dir='ltr'>ἐς</span> <span class='ocrx_word' id='word_1_40' title='bbox 528 598 581 675; x_wconf 75' lang='grc' dir='ltr'>την</span> <span class='ocrx_word' id='word_1_41' title='bbox 595 601 666 658; x_wconf 91' lang='grc' dir='ltr'>Χίον</span> <span class='ocrx_word' id='word_1_42' title='bbox 684 602 761 659; x_wconf 81' lang='grc' dir='ltr'>τοῖσι</span> <span class='ocrx_word' id='word_1_43' title='bbox 776 601 892 669; x_wconf 89' lang='grc' dir='ltr'>Παίοσι,</span> <span class='ocrx_word' id='word_1_44' title='bbox 906 599 976 664; x_wconf 83' lang='grc' dir='ltr'>ὅκως</span> 
     </span>
     <span class='ocr_line' id='line_1_7' title="bbox 168 686 974 767; baseline 0.001 -20"><span class='ocrx_word' id='word_1_45' title='bbox 168 687 202 747; x_wconf 80' lang='grc' dir='ltr'>ἂν</span> <span class='ocrx_word' id='word_1_46' title='bbox 216 687 309 747; x_wconf 80' lang='grc' dir='ltr'>ὀπίσω</span> <span class='ocrx_word' id='word_1_47' title='bbox 322 686 482 746; x_wconf 87' lang='grc' dir='ltr'>ἀπέλθοιεν·</span> <span class='ocrx_word' id='word_1_48' title='bbox 505 689 532 746; x_wconf 79' lang='grc' dir='ltr'>οἶ</span> <span class='ocrx_word' id='word_1_49' title='bbox 548 687 578 746; x_wconf 84' lang='grc' dir='ltr'>δέ</span> <span class='ocrx_word' id='word_1_50' title='bbox 592 689 712 750; x_wconf 80' lang='grc' dir='ltr'>Παίονες</span> <span class='ocrx_word' id='word_1_51' title='bbox 729 687 793 750; x_wconf 81' lang='grc' dir='ltr'>τούς</span> <span class='ocrx_word' id='word_1_52' title='bbox 808 687 911 767; x_wconf 75' lang='grc' dir='ltr'>λόγους</span> <span class='ocrx_word' id='word_1_53' title='bbox 925 687 974 748; x_wconf 80' lang='grc' dir='ltr'>ούκ</span> 
     </span>
     <span class='ocr_line' id='line_1_8' title="bbox 168 775 975 852; baseline 0.002 -18"><span class='ocrx_word' id='word_1_54' title='bbox 168 775 338 835; x_wconf 89' lang='grc' dir='ltr'>ἐνεδέκοντο·</span> <span class='ocrx_word' id='word_1_55' title='bbox 359 775 424 833; x_wconf 81' lang='grc' dir='ltr'>ἀλλ’</span> <span class='ocrx_word' id='word_1_56' title='bbox 439 781 469 834; x_wconf 94' lang='grc' dir='ltr'>ἐκ</span> <span class='ocrx_word' id='word_1_57' title='bbox 483 776 555 834; x_wconf 86' lang='grc' dir='ltr'>Χίου</span> <span class='ocrx_word' id='word_1_58' title='bbox 568 778 620 852; x_wconf 77' lang='grc' dir='ltr'>μέν</span> <span class='ocrx_word' id='word_1_59' title='bbox 634 777 703 834; x_wconf 82' lang='grc' dir='ltr'>Χῖοί</span> <span class='ocrx_word' id='word_1_60' title='bbox 711 782 803 851; x_wconf 92' lang='grc' dir='ltr'>σφεας</span> <span class='ocrx_word' id='word_1_61' title='bbox 818 780 844 837; x_wconf 81' lang='grc' dir='ltr'>ἐς</span> <span class='ocrx_word' id='word_1_62' title='bbox 854 775 975 850; x_wconf 82' lang='grc' dir='ltr'>Λέσβον</span> 
     </span>
     <span class='ocr_line' id='line_1_9' title="bbox 166 863 975 944; baseline 0.001 -23"><span class='ocrx_word' id='word_1_63' title='bbox 166 863 283 944; x_wconf 79' lang='grc' dir='ltr'>ἤγαγον,</span> <span class='ocrx_word' id='word_1_64' title='bbox 299 863 423 939; x_wconf 75' lang='grc' dir='ltr'>Λέσβιοι</span> <span class='ocrx_word' id='word_1_65' title='bbox 442 863 471 922; x_wconf 84' lang='grc' dir='ltr'>δὲ</span> <span class='ocrx_word' id='word_1_66' title='bbox 486 868 513 926; x_wconf 91' lang='grc' dir='ltr'>ἐς</span> <span class='ocrx_word' id='word_1_67' title='bbox 528 865 670 942; x_wconf 90' lang='grc' dir='ltr'>Δορίσκον</span> <span class='ocrx_word' id='word_1_68' title='bbox 684 863 827 940; x_wconf 88' lang='grc' dir='ltr'>ἐκόμισαν·</span> <span class='ocrx_word' id='word_1_69' title='bbox 850 864 975 923; x_wconf 83' lang='grc' dir='ltr'>ἐνθεῦτεν</span> 
     </span>
     <span class='ocr_line' id='line_1_10' title="bbox 169 951 858 1031; baseline 0 -21"><span class='ocrx_word' id='word_1_70' title='bbox 169 951 199 1010; x_wconf 87' lang='grc' dir='ltr'>δέ</span> <span class='ocrx_word' id='word_1_71' title='bbox 219 953 290 1031; x_wconf 81' lang='grc' dir='ltr'>πεζῇ</span> <span class='ocrx_word' id='word_1_72' title='bbox 312 952 489 1029; x_wconf 83' lang='grc' dir='ltr'>κομιζόμενοι</span> <span class='ocrx_word' id='word_1_73' title='bbox 510 951 644 1012; x_wconf 86' lang='grc' dir='ltr'>ἀπικέατο</span> <span class='ocrx_word' id='word_1_74' title='bbox 666 957 693 1015; x_wconf 87' lang='grc' dir='ltr'>ἐς</span> <span class='ocrx_word' id='word_1_75' title='bbox 713 953 858 1028; x_wconf 85' lang='grc' dir='ltr'>Παιονίην.</span> 
     </span>
    </p>

    <p class='ocr_par' dir='ltr' id='par_1_2' title="bbox 119 1039 975 2088">
     <span class='ocr_line' id='line_1_11' title="bbox 119 1039 975 1121; baseline 0.005 -23"><span class='ocrx_word' id='word_1_76' title='bbox 119 1041 156 1099; x_wconf 80' lang='grc'>99</span> <span class='ocrx_word' id='word_1_77' title='bbox 206 1039 412 1121; x_wconf 87' lang='grc' dir='ltr'>Ἀρισταγόρης</span> <span class='ocrx_word' id='word_1_78' title='bbox 427 1041 465 1111; x_wconf 83' lang='grc' dir='ltr'>δέ,</span> <span class='ocrx_word' id='word_1_79' title='bbox 481 1040 575 1116; x_wconf 75' lang='grc' dir='ltr'>ἐπειδὴ</span> <span class='ocrx_word' id='word_1_80' title='bbox 593 1041 665 1100; x_wconf 81' lang='grc' dir='ltr'>οἵτε</span> <span class='ocrx_word' id='word_1_81' title='bbox 678 1040 822 1116; x_wconf 84' lang='grc' dir='ltr'>Ἀθηναῖοι</span> <span class='ocrx_word' id='word_1_82' title='bbox 839 1039 975 1102; x_wconf 74' lang='grc' dir='ltr'>ἀπικέατο</span> 
     </span>
     <span class='ocr_line' id='line_1_12' title="bbox 167 1127 973 1211; baseline 0 -24"><span class='ocrx_word' id='word_1_83' title='bbox 167 1129 257 1188; x_wconf 80' lang='grc' dir='ltr'>εἴκοσι</span> <span class='ocrx_word' id='word_1_84' title='bbox 264 1129 347 1205; x_wconf 86' lang='grc' dir='ltr'>νηυσὶ</span> <span class='ocrx_word' id='word_1_85' title='bbox 361 1127 420 1205; x_wconf 84' lang='grc' dir='ltr'>ἅμα</span> <span class='ocrx_word' id='word_1_86' title='bbox 434 1128 567 1211; x_wconf 86' lang='grc' dir='ltr'>ἀγόμενοι</span> <span class='ocrx_word' id='word_1_87' title='bbox 574 1127 734 1206; x_wconf 86' lang='grc' dir='ltr'>Ἐρετριέων</span> <span class='ocrx_word' id='word_1_88' title='bbox 745 1129 827 1188; x_wconf 83' lang='grc' dir='ltr'>πέντε</span> <span class='ocrx_word' id='word_1_89' title='bbox 836 1128 973 1206; x_wconf 86' lang='grc' dir='ltr'>τριήρεας,</span> 
     </span>
     <span class='ocr_line' id='line_1_13' title="bbox 166 1214 975 1296; baseline 0.002 -20"><span class='ocrx_word' id='word_1_90' title='bbox 166 1217 193 1276; x_wconf 82' lang='grc' dir='ltr'>οἳ</span> <span class='ocrx_word' id='word_1_91' title='bbox 211 1216 244 1276; x_wconf 85' lang='grc' dir='ltr'>ού</span> <span class='ocrx_word' id='word_1_92' title='bbox 262 1216 314 1292; x_wconf 78' lang='grc' dir='ltr'>τήν</span> <span class='ocrx_word' id='word_1_93' title='bbox 328 1215 482 1292; x_wconf 88' lang='grc' dir='ltr'>Ἀθηναίων</span> <span class='ocrx_word' id='word_1_94' title='bbox 501 1216 583 1296; x_wconf 79' lang='grc' dir='ltr'>χάριν</span> <span class='ocrx_word' id='word_1_95' title='bbox 602 1216 810 1292; x_wconf 79' lang='grc' dir='ltr'>ἐστρατεύοντο,</span> <span class='ocrx_word' id='word_1_96' title='bbox 826 1214 904 1275; x_wconf 86' lang='grc' dir='ltr'>α’λλά</span> <span class='ocrx_word' id='word_1_97' title='bbox 921 1216 975 1294; x_wconf 72' lang='grc' dir='ltr'>τὴν</span> 
     </span>
     <span class='ocr_line' id='line_1_14' title="bbox 165 1303 973 1384; baseline -0.007 -20"><span class='ocrx_word' id='word_1_98' title='bbox 165 1309 256 1365; x_wconf 74' lang='grc' dir='ltr'>αὐτῶν</span> <span class='ocrx_word' id='word_1_99' title='bbox 277 1306 437 1381; x_wconf 91' lang='grc' dir='ltr'>Μιλησίων,</span> <span class='ocrx_word' id='word_1_100' title='bbox 456 1303 629 1382; x_wconf 85' lang='grc' dir='ltr'>όφειλόμενά</span> <span class='ocrx_word' id='word_1_101' title='bbox 646 1311 702 1380; x_wconf 92' lang='grc' dir='ltr'>σφι</span> <span class='ocrx_word' id='word_1_102' title='bbox 723 1303 909 1367; x_wconf 77' lang='grc' dir='ltr'>ἀποδιδόντες·</span> <span class='ocrx_word' id='word_1_103' title='bbox 935 1303 973 1384; x_wconf 83' lang='grc' dir='ltr'>(οἶ</span> 
     </span>
     <span class='ocr_line' id='line_1_15' title="bbox 164 1391 974 1473; baseline 0.001 -22"><span class='ocrx_word' id='word_1_104' title='bbox 164 1392 219 1473; x_wconf 88' lang='grc' dir='ltr'>γάρ</span> <span class='ocrx_word' id='word_1_105' title='bbox 231 1393 265 1468; x_wconf 76' lang='grc' dir='ltr'>δή</span> <span class='ocrx_word' id='word_1_106' title='bbox 277 1392 420 1468; x_wconf 81' lang='grc' dir='ltr'>Μιλήσιοι</span> <span class='ocrx_word' id='word_1_107' title='bbox 430 1393 566 1470; x_wconf 87' lang='grc' dir='ltr'>πρότερον</span> <span class='ocrx_word' id='word_1_108' title='bbox 576 1397 653 1452; x_wconf 79' lang='grc' dir='ltr'>τοῖσι</span> <span class='ocrx_word' id='word_1_109' title='bbox 660 1391 833 1469; x_wconf 79' lang='grc' dir='ltr'>Ἐρετριεῦσι</span> <span class='ocrx_word' id='word_1_110' title='bbox 844 1392 892 1452; x_wconf 79' lang='grc' dir='ltr'>τόν</span> <span class='ocrx_word' id='word_1_111' title='bbox 902 1393 974 1466; x_wconf 82' lang='grc' dir='ltr'>πρός</span> 
     </span>
     <span class='ocr_line' id='line_1_16' title="bbox 166 1479 972 1558; baseline 0.001 -19"><span class='ocrx_word' id='word_1_112' title='bbox 166 1481 326 1542; x_wconf 75' lang='grc' dir='ltr'>Χαλκιδέας</span> <span class='ocrx_word' id='word_1_113' title='bbox 336 1479 464 1558; x_wconf 87' lang='grc' dir='ltr'>πόλεμον</span> <span class='ocrx_word' id='word_1_114' title='bbox 479 1481 678 1557; x_wconf 85' lang='grc' dir='ltr'>συνδιήνεικαν,</span> <span class='ocrx_word' id='word_1_115' title='bbox 690 1480 736 1540; x_wconf 82' lang='grc' dir='ltr'>ὅτε</span> <span class='ocrx_word' id='word_1_116' title='bbox 747 1506 799 1558; x_wconf 92' lang='grc' dir='ltr'>περ</span> <span class='ocrx_word' id='word_1_117' title='bbox 810 1481 856 1539; x_wconf 84' lang='grc' dir='ltr'>καὶ</span> <span class='ocrx_word' id='word_1_118' title='bbox 866 1485 972 1540; x_wconf 90' lang='grc' dir='ltr'>Χαλκι-</span> 
     </span>
     <span class='ocr_line' id='line_1_17' title="bbox 165 1567 973 1646; baseline 0.002 -19"><span class='ocrx_word' id='word_1_119' title='bbox 165 1569 244 1627; x_wconf 82' lang='grc' dir='ltr'>δεῦσι</span> <span class='ocrx_word' id='word_1_120' title='bbox 266 1568 346 1628; x_wconf 87' lang='grc' dir='ltr'>ἀντία</span> <span class='ocrx_word' id='word_1_121' title='bbox 366 1567 526 1646; x_wconf 77' lang='grc' dir='ltr'>Ἐρετριέων</span> <span class='ocrx_word' id='word_1_122' title='bbox 548 1570 593 1627; x_wconf 84' lang='grc' dir='ltr'>καὶ</span> <span class='ocrx_word' id='word_1_123' title='bbox 615 1570 766 1644; x_wconf 88' lang='grc' dir='ltr'>Μιλησίων</span> <span class='ocrx_word' id='word_1_124' title='bbox 787 1568 888 1644; x_wconf 78' lang='grc' dir='ltr'>Σάμιοι</span> <span class='ocrx_word' id='word_1_125' title='bbox 907 1571 973 1646; x_wconf 83' lang='grc' dir='ltr'>ἐβο·</span> 
     </span>
     <span class='ocr_line' id='line_1_18' title="bbox 164 1653 972 1733; baseline 0 -17"><span class='ocrx_word' id='word_1_126' title='bbox 164 1657 270 1732; x_wconf 82' lang='grc' dir='ltr'>ήθεον)</span> <span class='ocrx_word' id='word_1_127' title='bbox 294 1653 370 1716; x_wconf 80' lang='grc' dir='ltr'>οὗτοι</span> <span class='ocrx_word' id='word_1_128' title='bbox 388 1655 425 1716; x_wconf 81' lang='grc' dir='ltr'>ὧν</span> <span class='ocrx_word' id='word_1_129' title='bbox 441 1658 504 1716; x_wconf 88' lang='grc' dir='ltr'>ἐπεί</span> <span class='ocrx_word' id='word_1_130' title='bbox 518 1657 551 1716; x_wconf 87' lang='grc' dir='ltr'>τέ</span> <span class='ocrx_word' id='word_1_131' title='bbox 566 1664 622 1733; x_wconf 88' lang='grc' dir='ltr'>σφι</span> <span class='ocrx_word' id='word_1_132' title='bbox 636 1655 771 1716; x_wconf 83' lang='grc' dir='ltr'>ἀπικέατο</span> <span class='ocrx_word' id='word_1_133' title='bbox 786 1657 832 1715; x_wconf 85' lang='grc' dir='ltr'>καὶ</span> <span class='ocrx_word' id='word_1_134' title='bbox 846 1661 872 1716; x_wconf 85' lang='grc' dir='ltr'>οἶ</span> <span class='ocrx_word' id='word_1_135' title='bbox 886 1656 972 1717; x_wconf 76' lang='grc' dir='ltr'>ἄλλοι</span> 
     </span>
     <span class='ocr_line' id='line_1_19' title="bbox 165 1743 971 1822; baseline 0.004 -19"><span class='ocrx_word' id='word_1_136' title='bbox 165 1745 312 1822; x_wconf 86' lang='grc' dir='ltr'>σύμμαχοι</span> <span class='ocrx_word' id='word_1_137' title='bbox 330 1744 472 1821; x_wconf 85' lang='grc' dir='ltr'>παρήσαν,</span> <span class='ocrx_word' id='word_1_138' title='bbox 487 1746 610 1804; x_wconf 89' lang='grc' dir='ltr'>ἐποιέετο</span> <span class='ocrx_word' id='word_1_139' title='bbox 630 1745 784 1822; x_wconf 80' lang='grc' dir='ltr'>στρατηίην</span> <span class='ocrx_word' id='word_1_140' title='bbox 804 1744 821 1804; x_wconf 84' lang='grc' dir='ltr'>ἀ</span> <span class='ocrx_word' id='word_1_141' title='bbox 840 1743 971 1822; x_wconf 88' lang='grc' dir='ltr'>Ἀριστα·</span> 
     </span>
     <span class='ocr_line' id='line_1_20' title="bbox 164 1831 972 1913; baseline 0.002 -22"><span class='ocrx_word' id='word_1_142' title='bbox 164 1832 250 1913; x_wconf 90' lang='grc' dir='ltr'>γόρης</span> <span class='ocrx_word' id='word_1_143' title='bbox 275 1838 301 1896; x_wconf 85' lang='grc' dir='ltr'>ἐς</span> <span class='ocrx_word' id='word_1_144' title='bbox 326 1832 436 1910; x_wconf 79' lang='grc' dir='ltr'>Σάρδις.</span> <span class='ocrx_word' id='word_1_145' title='bbox 477 1832 561 1896; x_wconf 77' lang='grc' dir='ltr'>αύτός</span> <span class='ocrx_word' id='word_1_146' title='bbox 581 1836 633 1910; x_wconf 75' lang='grc' dir='ltr'>μὲν</span> <span class='ocrx_word' id='word_1_147' title='bbox 659 1832 693 1909; x_wconf 73' lang='grc' dir='ltr'>δή</span> <span class='ocrx_word' id='word_1_148' title='bbox 718 1831 767 1892; x_wconf 78' lang='grc' dir='ltr'>οὐκ</span> <span class='ocrx_word' id='word_1_149' title='bbox 790 1831 972 1909; x_wconf 78' lang='grc' dir='ltr'>ἐστρατεύετο</span> 
     </span>
     <span class='ocr_line' id='line_1_21' title="bbox 164 1919 971 2003; baseline -0.001 -23"><span class='ocrx_word' id='word_1_150' title='bbox 164 1919 230 1980; x_wconf 78' lang='grc' dir='ltr'>ἀλλ’</span> <span class='ocrx_word' id='word_1_151' title='bbox 245 1923 321 1998; x_wconf 87' lang='grc' dir='ltr'>έμενε</span> <span class='ocrx_word' id='word_1_152' title='bbox 343 1927 371 1981; x_wconf 89' lang='grc' dir='ltr'>ἐν</span> <span class='ocrx_word' id='word_1_153' title='bbox 392 1921 522 2001; x_wconf 80' lang='grc' dir='ltr'>Μιλήτῳ·</span> <span class='ocrx_word' id='word_1_154' title='bbox 544 1921 719 2003; x_wconf 84' lang='grc' dir='ltr'>στρατηγούς</span> <span class='ocrx_word' id='word_1_155' title='bbox 737 1921 766 1980; x_wconf 87' lang='grc' dir='ltr'>δέ</span> <span class='ocrx_word' id='word_1_156' title='bbox 781 1919 887 1984; x_wconf 80' lang='grc' dir='ltr'>ἀλλους</span> <span class='ocrx_word' id='word_1_157' title='bbox 904 1920 971 1981; x_wconf 86' lang='grc' dir='ltr'>ἀπέ-</span> 
     </span>
     <span class='ocr_line' id='line_1_22' title="bbox 165 2009 969 2088; baseline 0.004 -20"><span class='ocrx_word' id='word_1_158' title='bbox 165 2009 224 2079; x_wconf 80' lang='grc' dir='ltr'>δεξε</span> <span class='ocrx_word' id='word_1_159' title='bbox 239 2011 390 2086; x_wconf 89' lang='grc' dir='ltr'>Μιλησίων</span> <span class='ocrx_word' id='word_1_160' title='bbox 409 2011 486 2080; x_wconf 84' lang='grc' dir='ltr'>εἶναι,</span> <span class='ocrx_word' id='word_1_161' title='bbox 500 2009 549 2069; x_wconf 82' lang='grc' dir='ltr'>τόν</span> <span class='ocrx_word' id='word_1_162' title='bbox 563 2014 664 2070; x_wconf 80' lang='grc' dir='ltr'>έωυτοΰ</span> <span class='ocrx_word' id='word_1_163' title='bbox 677 2037 708 2070; x_wconf 89' lang='grc' dir='ltr'>τε</span> <span class='ocrx_word' id='word_1_164' title='bbox 722 2009 862 2086; x_wconf 78' lang='grc' dir='ltr'>ἀδελφεόν</span> <span class='ocrx_word' id='word_1_165' title='bbox 879 2016 969 2088; x_wconf 88' lang='grc' dir='ltr'>Χαρο·</span> 
     </span>
    </p>

    <p class='ocr_par' dir='ltr' id='par_1_3' title="bbox 120 2097 1026 2884">
     <span class='ocr_line' id='line_1_23' title="bbox 120 2097 971 2175; baseline 0.004 -19"><span class='ocrx_word' id='word_1_166' title='bbox 120 2100 178 2156; x_wconf 88' lang='grc'>100</span> <span class='ocrx_word' id='word_1_167' title='bbox 188 2103 270 2159; x_wconf 82' lang='grc' dir='ltr'>πῖνον</span> <span class='ocrx_word' id='word_1_168' title='bbox 284 2099 393 2158; x_wconf 77' lang='grc' dir='ltr'>καὶτῶν</span> <span class='ocrx_word' id='word_1_169' title='bbox 407 2098 502 2157; x_wconf 79' lang='grc' dir='ltr'>ἄλλων</span> <span class='ocrx_word' id='word_1_170' title='bbox 517 2097 611 2158; x_wconf 81' lang='grc' dir='ltr'>ἀστῶν</span> <span class='ocrx_word' id='word_1_171' title='bbox 624 2098 829 2175; x_wconf 83' lang='grc' dir='ltr'>Ἑρμόφαντον.</span> <span class='ocrx_word' id='word_1_172' title='bbox 857 2097 971 2159; x_wconf 79' lang='grc' dir='ltr'>Ἀττικό-</span> 
     </span>
     <span class='ocr_line' id='line_1_24' title="bbox 164 2186 970 2266; baseline 0.002 -20"><span class='ocrx_word' id='word_1_173' title='bbox 164 2213 243 2264; x_wconf 92' lang='grc' dir='ltr'>μενοι</span> <span class='ocrx_word' id='word_1_174' title='bbox 264 2187 294 2246; x_wconf 79' lang='grc' dir='ltr'>δὲ</span> <span class='ocrx_word' id='word_1_175' title='bbox 313 2191 352 2266; x_wconf 76' lang='grc' dir='ltr'>τῷ</span> <span class='ocrx_word' id='word_1_176' title='bbox 366 2187 462 2265; x_wconf 82' lang='grc' dir='ltr'>στόλῳ</span> <span class='ocrx_word' id='word_1_177' title='bbox 479 2186 567 2265; x_wconf 79' lang='grc' dir='ltr'>τούτῳ</span> <span class='ocrx_word' id='word_1_178' title='bbox 581 2186 673 2250; x_wconf 85' lang='grc' dir='ltr'>Ἴωνες</span> <span class='ocrx_word' id='word_1_179' title='bbox 690 2192 717 2250; x_wconf 90' lang='grc' dir='ltr'>ἐς</span> <span class='ocrx_word' id='word_1_180' title='bbox 725 2186 862 2261; x_wconf 82' lang='grc' dir='ltr'>Ἔφεσον,</span> <span class='ocrx_word' id='word_1_181' title='bbox 882 2191 970 2248; x_wconf 87' lang='grc' dir='ltr'>πλοῖα</span> 
     </span>
     <span class='ocr_line' id='line_1_25' title="bbox 164 2274 1026 2355; baseline 0.003 -21"><span class='ocrx_word' id='word_1_182' title='bbox 164 2279 216 2352; x_wconf 83' lang='grc' dir='ltr'>μὲν</span> <span class='ocrx_word' id='word_1_183' title='bbox 233 2277 383 2336; x_wconf 82' lang='grc' dir='ltr'>κατέλιπον</span> <span class='ocrx_word' id='word_1_184' title='bbox 404 2280 432 2334; x_wconf 87' lang='grc' dir='ltr'>ἐν</span> <span class='ocrx_word' id='word_1_185' title='bbox 452 2275 597 2355; x_wconf 86' lang='grc' dir='ltr'>Κορήσσῳ</span> <span class='ocrx_word' id='word_1_186' title='bbox 614 2280 664 2352; x_wconf 76' lang='grc' dir='ltr'>τῆς</span> <span class='ocrx_word' id='word_1_187' title='bbox 684 2275 829 2351; x_wconf 87' lang='grc' dir='ltr'>Ἐφεσίης,</span> <span class='ocrx_word' id='word_1_188' title='bbox 849 2274 927 2335; x_wconf 83' lang='grc' dir='ltr'>αύτοὶ</span> <span class='ocrx_word' id='word_1_189' title='bbox 940 2277 970 2337; x_wconf 84' lang='grc' dir='ltr'>δὲ</span> <span class='ocrx_word' id='word_1_190' title='bbox 1020 2322 1026 2326; x_wconf 93' lang='grc'>-</span> 
     </span>
     <span class='ocr_line' id='line_1_26' title="bbox 164 2363 966 2446; baseline 0.001 -23"><span class='ocrx_word' id='word_1_191' title='bbox 164 2363 314 2438; x_wconf 88' lang='grc' dir='ltr'>ἀνέβαινον</span> <span class='ocrx_word' id='word_1_192' title='bbox 332 2365 405 2442; x_wconf 88' lang='grc' dir='ltr'>χειρὶ</span> <span class='ocrx_word' id='word_1_193' title='bbox 432 2367 530 2441; x_wconf 80' lang='grc' dir='ltr'>πολλῇ</span> <span class='ocrx_word' id='word_1_194' title='bbox 551 2364 709 2441; x_wconf 88' lang='grc' dir='ltr'>ποιεύμενοι</span> <span class='ocrx_word' id='word_1_195' title='bbox 733 2363 884 2438; x_wconf 84' lang='grc' dir='ltr'>Ἐφεσίους</span> <span class='ocrx_word' id='word_1_196' title='bbox 906 2363 966 2446; x_wconf 80' lang='grc' dir='ltr'>ἡγε-</span> 
     </span>
     <span class='ocr_line' id='line_1_27' title="bbox 164 2451 969 2530; baseline 0.004 -19"><span class='ocrx_word' id='word_1_197' title='bbox 164 2452 260 2530; x_wconf 89' lang='grc' dir='ltr'>μόνας·</span> <span class='ocrx_word' id='word_1_198' title='bbox 288 2451 471 2529; x_wconf 87' lang='grc' dir='ltr'>πορευόμενοι</span> <span class='ocrx_word' id='word_1_199' title='bbox 498 2452 527 2511; x_wconf 85' lang='grc' dir='ltr'>δὲ</span> <span class='ocrx_word' id='word_1_200' title='bbox 551 2452 628 2529; x_wconf 84' lang='grc' dir='ltr'>παρά</span> <span class='ocrx_word' id='word_1_201' title='bbox 651 2452 779 2529; x_wconf 83' lang='grc' dir='ltr'>ποταμόν</span> <span class='ocrx_word' id='word_1_202' title='bbox 800 2451 969 2530; x_wconf 69' lang='grc' dir='ltr'>Καΰστριον,</span> 
     </span>
     <span class='ocr_line' id='line_1_28' title="bbox 165 2538 968 2618; baseline 0.004 -20"><span class='ocrx_word' id='word_1_203' title='bbox 165 2541 289 2600; x_wconf 81' lang='grc' dir='ltr'>ἐνθεῦτεν</span> <span class='ocrx_word' id='word_1_204' title='bbox 308 2540 370 2598; x_wconf 89' lang='grc' dir='ltr'>ἐπεί</span> <span class='ocrx_word' id='word_1_205' title='bbox 384 2566 414 2598; x_wconf 91' lang='grc' dir='ltr'>τε</span> <span class='ocrx_word' id='word_1_206' title='bbox 432 2539 604 2618; x_wconf 86' lang='grc' dir='ltr'>ύπερβάντες</span> <span class='ocrx_word' id='word_1_207' title='bbox 620 2540 670 2600; x_wconf 80' lang='grc' dir='ltr'>τόν</span> <span class='ocrx_word' id='word_1_208' title='bbox 686 2544 806 2616; x_wconf 84' lang='grc' dir='ltr'>Τμῶλον</span> <span class='ocrx_word' id='word_1_209' title='bbox 825 2538 968 2615; x_wconf 86' lang='grc' dir='ltr'>ἀπίκοντο,</span> 
     </span>
     <span class='ocr_line' id='line_1_29' title="bbox 165 2627 970 2707; baseline 0.004 -22"><span class='ocrx_word' id='word_1_210' title='bbox 165 2629 291 2704; x_wconf 82' lang='grc' dir='ltr'>αἱρέουσι</span> <span class='ocrx_word' id='word_1_211' title='bbox 311 2627 419 2704; x_wconf 80' lang='grc' dir='ltr'>Σάρδις,</span> <span class='ocrx_word' id='word_1_212' title='bbox 435 2629 543 2692; x_wconf 75' lang='grc' dir='ltr'>οὐδενός</span> <span class='ocrx_word' id='word_1_213' title='bbox 557 2636 613 2705; x_wconf 93' lang='grc' dir='ltr'>σφι</span> <span class='ocrx_word' id='word_1_214' title='bbox 627 2627 815 2692; x_wconf 84' lang='grc' dir='ltr'>ἀντιωθέντος·</span> <span class='ocrx_word' id='word_1_215' title='bbox 845 2629 970 2707; x_wconf 79' lang='grc' dir='ltr'>αἱρέουσι</span> 
     </span>
     <span class='ocr_line' id='line_1_30' title="bbox 166 2715 970 2795; baseline 0.004 -20"><span class='ocrx_word' id='word_1_216' title='bbox 166 2717 194 2775; x_wconf 77' lang='grc' dir='ltr'>δὲ</span> <span class='ocrx_word' id='word_1_217' title='bbox 206 2717 291 2794; x_wconf 81' lang='grc' dir='ltr'>χωρὶς</span> <span class='ocrx_word' id='word_1_218' title='bbox 301 2721 351 2792; x_wconf 78' lang='grc' dir='ltr'>τῆς</span> <span class='ocrx_word' id='word_1_219' title='bbox 365 2715 533 2793; x_wconf 85' lang='grc' dir='ltr'>ἀκροπόλιος</span> <span class='ocrx_word' id='word_1_220' title='bbox 546 2716 640 2778; x_wconf 75' lang='grc' dir='ltr'>τᾶλλα</span> <span class='ocrx_word' id='word_1_221' title='bbox 656 2717 757 2777; x_wconf 79' lang='grc' dir='ltr'>πάντα·</span> <span class='ocrx_word' id='word_1_222' title='bbox 779 2717 831 2793; x_wconf 75' lang='grc' dir='ltr'>τήν</span> <span class='ocrx_word' id='word_1_223' title='bbox 845 2717 875 2776; x_wconf 77' lang='grc' dir='ltr'>δὲ</span> <span class='ocrx_word' id='word_1_224' title='bbox 889 2716 970 2795; x_wconf 75' lang='grc' dir='ltr'>α’κρό·</span> 
     </span>
     <span class='ocr_line' id='line_1_31' title="bbox 167 2804 970 2884; baseline 0.002 -20"><span class='ocrx_word' id='word_1_225' title='bbox 167 2809 249 2864; x_wconf 89' lang='grc' dir='ltr'>πολιν</span> <span class='ocrx_word' id='word_1_226' title='bbox 273 2804 368 2882; x_wconf 88' lang='grc' dir='ltr'>ἐρύετο</span> <span class='ocrx_word' id='word_1_227' title='bbox 385 2804 467 2867; x_wconf 79' lang='grc' dir='ltr'>αὑτός</span> <span class='ocrx_word' id='word_1_228' title='bbox 484 2804 684 2883; x_wconf 87' lang='grc' dir='ltr'>Ἀρταφέρνης,</span> <span class='ocrx_word' id='word_1_229' title='bbox 701 2807 771 2884; x_wconf 83' lang='grc' dir='ltr'>ἔχων</span> <span class='ocrx_word' id='word_1_230' title='bbox 792 2805 908 2882; x_wconf 88' lang='grc' dir='ltr'>δύναμιν</span> <span class='ocrx_word' id='word_1_231' title='bbox 924 2805 970 2866; x_wconf 87' lang='grc' dir='ltr'>ἀν-</span> 
     </span>
    </p>

    <p class='ocr_par' dir='ltr' id='par_1_4' title="bbox 120 2892 970 3408">
     <span class='ocr_line' id='line_1_32' title="bbox 120 2892 970 2974; baseline 0.007 -22"><span class='ocrx_word' id='word_1_232' title='bbox 120 2897 172 2953; x_wconf 86' lang='grc'>101</span> <span class='ocrx_word' id='word_1_233' title='bbox 185 2894 256 2971; x_wconf 83' lang='grc' dir='ltr'>δρῶν</span> <span class='ocrx_word' id='word_1_234' title='bbox 270 2892 320 2952; x_wconf 79' lang='grc' dir='ltr'>οὐκ</span> <span class='ocrx_word' id='word_1_235' title='bbox 334 2892 444 2974; x_wconf 81' lang='grc' dir='ltr'>ὀλίγην.</span> <span class='ocrx_word' id='word_1_236' title='bbox 486 2894 526 2952; x_wconf 80' lang='grc' dir='ltr'>Τό</span> <span class='ocrx_word' id='word_1_237' title='bbox 547 2893 576 2952; x_wconf 81' lang='grc' dir='ltr'>δὲ</span> <span class='ocrx_word' id='word_1_238' title='bbox 597 2893 637 2970; x_wconf 76' lang='grc' dir='ltr'>μη</span> <span class='ocrx_word' id='word_1_239' title='bbox 652 2898 831 2970; x_wconf 81' lang='grc' dir='ltr'>λεηλατῆσαι</span> <span class='ocrx_word' id='word_1_240' title='bbox 855 2895 970 2958; x_wconf 80' lang='grc' dir='ltr'>ἑλόντας</span> 
     </span>
     <span class='ocr_line' id='line_1_33' title="bbox 165 2981 970 3061; baseline 0.002 -21"><span class='ocrx_word' id='word_1_241' title='bbox 165 2983 257 3057; x_wconf 90' lang='grc' dir='ltr'>σφέας</span> <span class='ocrx_word' id='word_1_242' title='bbox 270 2981 321 3055; x_wconf 70' lang='grc' dir='ltr'>τὴν</span> <span class='ocrx_word' id='word_1_243' title='bbox 335 2981 427 3050; x_wconf 90' lang='grc' dir='ltr'>πόλιν,</span> <span class='ocrx_word' id='word_1_244' title='bbox 443 2983 510 3060; x_wconf 84' lang='grc' dir='ltr'>ἔσχε</span> <span class='ocrx_word' id='word_1_245' title='bbox 524 2982 596 3040; x_wconf 89' lang='grc' dir='ltr'>τόδε·</span> <span class='ocrx_word' id='word_1_246' title='bbox 621 2981 697 3057; x_wconf 82' lang='grc' dir='ltr'>ἦσαν</span> <span class='ocrx_word' id='word_1_247' title='bbox 717 2987 745 3042; x_wconf 91' lang='grc' dir='ltr'>ἐν</span> <span class='ocrx_word' id='word_1_248' title='bbox 765 2985 834 3061; x_wconf 78' lang='grc' dir='ltr'>τῇσι</span> <span class='ocrx_word' id='word_1_249' title='bbox 851 2982 970 3059; x_wconf 80' lang='grc' dir='ltr'>Σάρδισι</span> 
     </span>
     <span class='ocr_line' id='line_1_34' title="bbox 166 3067 970 3145; baseline 0.002 -18"><span class='ocrx_word' id='word_1_250' title='bbox 166 3069 249 3128; x_wconf 80' lang='grc' dir='ltr'>οἰκίαι</span> <span class='ocrx_word' id='word_1_251' title='bbox 277 3071 306 3126; x_wconf 84' lang='grc' dir='ltr'>αἶ</span> <span class='ocrx_word' id='word_1_252' title='bbox 326 3071 378 3144; x_wconf 83' lang='grc' dir='ltr'>μὲν</span> <span class='ocrx_word' id='word_1_253' title='bbox 398 3072 514 3131; x_wconf 86' lang='grc' dir='ltr'>πλεῦνες</span> <span class='ocrx_word' id='word_1_254' title='bbox 536 3067 696 3145; x_wconf 77' lang='grc' dir='ltr'>καλάμιναι,</span> <span class='ocrx_word' id='word_1_255' title='bbox 725 3069 792 3128; x_wconf 83' lang='grc' dir='ltr'>ὅσαι</span> <span class='ocrx_word' id='word_1_256' title='bbox 816 3069 839 3128; x_wconf 86' lang='grc' dir='ltr'>δ’</span> <span class='ocrx_word' id='word_1_257' title='bbox 866 3069 970 3132; x_wconf 87' lang='grc' dir='ltr'>αύτέων</span> 
     </span>
     <span class='ocr_line' id='line_1_35' title="bbox 168 3153 969 3234; baseline 0.002 -20"><span class='ocrx_word' id='word_1_258' title='bbox 168 3156 214 3214; x_wconf 86' lang='grc' dir='ltr'>καὶ</span> <span class='ocrx_word' id='word_1_259' title='bbox 227 3155 370 3214; x_wconf 85' lang='grc' dir='ltr'>πλίνθιναι</span> <span class='ocrx_word' id='word_1_260' title='bbox 383 3153 458 3228; x_wconf 86' lang='grc' dir='ltr'>ἦσαν</span> <span class='ocrx_word' id='word_1_261' title='bbox 472 3154 600 3230; x_wconf 78' lang='grc' dir='ltr'>καλάμου</span> <span class='ocrx_word' id='word_1_262' title='bbox 615 3155 691 3234; x_wconf 84' lang='grc' dir='ltr'>εἶχον</span> <span class='ocrx_word' id='word_1_263' title='bbox 703 3157 753 3219; x_wconf 87' lang='grc' dir='ltr'>τάς</span> <span class='ocrx_word' id='word_1_264' title='bbox 766 3157 883 3234; x_wconf 79' lang='grc' dir='ltr'>ὄροφός.</span> <span class='ocrx_word' id='word_1_265' title='bbox 907 3184 969 3219; x_wconf 82' lang='grc' dir='ltr'>του-</span> 
     </span>
     <span class='ocr_line' id='line_1_36' title="bbox 165 3239 968 3323; baseline 0.004 -23"><span class='ocrx_word' id='word_1_266' title='bbox 165 3244 233 3302; x_wconf 87' lang='grc' dir='ltr'>τέων</span> <span class='ocrx_word' id='word_1_267' title='bbox 258 3239 291 3315; x_wconf 75' lang='grc' dir='ltr'><em>δὴ</em></span> <span class='ocrx_word' id='word_1_268' title='bbox 315 3241 383 3317; x_wconf 92' lang='grc' dir='ltr'>μίαν</span> <span class='ocrx_word' id='word_1_269' title='bbox 410 3245 465 3299; x_wconf 79' lang='grc' dir='ltr'>τῶν</span> <span class='ocrx_word' id='word_1_270' title='bbox 486 3266 527 3302; x_wconf 90' lang='grc' dir='ltr'>τις</span> <span class='ocrx_word' id='word_1_271' title='bbox 549 3243 739 3318; x_wconf 87' lang='grc' dir='ltr'>στρατιωτέων</span> <span class='ocrx_word' id='word_1_272' title='bbox 764 3244 799 3306; x_wconf 73' lang='grc' dir='ltr'>οἷς</span> <span class='ocrx_word' id='word_1_273' title='bbox 823 3246 968 3323; x_wconf 81' lang='grc' dir='ltr'>ἐνέπρησε,</span> 
     </span>
     <span class='ocr_line' id='line_1_37' title="bbox 166 3325 968 3408; baseline 0.009 -21"><span class='ocrx_word' id='word_1_274' title='bbox 166 3328 264 3388; x_wconf 78' lang='grc' dir='ltr'>αὐτίκα</span> <span class='ocrx_word' id='word_1_275' title='bbox 280 3325 327 3385; x_wconf 82' lang='grc' dir='ltr'>ἀπ’</span> <span class='ocrx_word' id='word_1_276' title='bbox 341 3328 428 3402; x_wconf 84' lang='grc' dir='ltr'>οἰκίης</span> <span class='ocrx_word' id='word_1_277' title='bbox 447 3331 474 3389; x_wconf 89' lang='grc' dir='ltr'>ἐς</span> <span class='ocrx_word' id='word_1_278' title='bbox 492 3331 580 3403; x_wconf 81' lang='grc' dir='ltr'>οἰκίην</span> <span class='ocrx_word' id='word_1_279' title='bbox 596 3329 637 3388; x_wconf 85' lang='grc' dir='ltr'>ίὸν</span> <span class='ocrx_word' id='word_1_280' title='bbox 650 3328 683 3389; x_wconf 82' lang='grc' dir='ltr'>τό</span> <span class='ocrx_word' id='word_1_281' title='bbox 697 3334 753 3406; x_wconf 84' lang='grc' dir='ltr'>πῦρ</span> <span class='ocrx_word' id='word_1_282' title='bbox 771 3333 918 3408; x_wconf 91' lang='grc' dir='ltr'>ἐπενέμετο</span> <span class='ocrx_word' id='word_1_283' title='bbox 935 3337 968 3394; x_wconf 81' lang='grc' dir='ltr'>τό</span> 
     </span>
    </p>
   </div>
   <div class='ocr_carea' id='block_1_2' title="bbox 0 0 1134 3568">
    <p class='ocr_par' dir='ltr' id='par_1_5' title="bbox 0 0 1134 3568">
     <span class='ocr_line' id='line_1_38' title="bbox 0 0 1134 3568; baseline 0 1"><span class='ocrx_word' id='word_1_284' title='bbox 0 0 1134 3568; x_wconf 95' lang='lat' dir='ltr'> </span> 
     </span>
    </p>
   </div>
  </div>
 </body>
</html>
