2282 3550
177 143 225 192 ιιι
487 141 669 210 Ἦνοιοτου
888 142 980 208 [vm.

175 248 226 282 του
238 221 365 282 τάλαντα
377 219 510 303 ἀργυρίου
525 223 599 298 τρία.
642 218 721 280 οὗτοί
731 245 762 280 τε
775 220 810 296 δή
827 223 982 302 πληγέντες

176 309 290 386 δάροισι
309 309 544 387 ἀναπεπεισμένοι
570 307 653 384 ἦσαν,
675 309 720 368 καὶ
740 312 817 368 τοῖσι
836 307 978 387 Εὖβοέεσι

177 397 350 477 ἐκεχάριστο·
393 396 475 460 οὗτός
504 423 535 456 τε
561 396 577 456 ὁ
605 397 814 475 Θεμιστοκλέης
846 397 980 476 ἐκέρδηνε,

177 484 311 546 ἐλάνθανε
338 485 368 544 δέ
390 485 426 545 τά
453 484 540 544 λοιπά
564 485 643 564 ἔχων·
672 483 744 562 ,ἀλλ’
770 484 927 559 ἠπιστέατο
955 490 982 547 οἱ

177 573 387 651 μεταλαβόντες
406 573 510 633 τούτων
529 577 584 633 τῶν
603 571 752 651 χρημάτων
773 577 803 630 ἐκ
823 576 879 632 τῶν
897 572 981 650 Ἀθη·

177 663 259 721 ναίων
273 663 366 722 ἐλθεῖν
378 661 425 721 ἐπὶ
436 666 475 740 τῷ
488 660 565 741 λόγῳ
578 661 666 740 τούτῳ
679 659 715 720 τά
727 659 868 739 χρήματα.

149 753 167 808 6
219 748 299 809 Οὕτω
313 749 347 826 δή
361 749 523 826 κατέμεινάν
536 775 567 808 τε
581 754 610 808 ἐν
622 753 658 828 τῇ
671 747 790 826 Εὐβοίῃ,
805 747 851 806 καὶ
864 749 980 826 ἐναυμά-

176 859 278 916 χησαν.
323 839 430 919 ἐγένετο
444 837 473 896 δέ
493 834 553 895 ὧδε·
575 837 638 896 ἐπεί
653 862 684 896 τε
700 834 734 911 δή
748 840 775 898 ἐς
791 833 841 899 τάς
858 835 981 912 Ἀφέτας

177 926 240 1001 περὶ
253 926 350 1002 δείλην
362 925 468 1002 πρωίην
485 925 634 1006 γινομένην
652 923 771 983 ἀπίκατο
785 927 812 983 οἶ
824 924 978 1002 βάρβαροι,

177 1014 330 1091 πυθόμενοι
343 1017 395 1091 μὲν
408 1015 448 1072 ἐτι
462 1015 508 1072 καὶ
525 1013 662 1090 πρότερον
674 1013 738 1090 περὶ
755 1011 789 1072 τά
801 1011 980 1089 Ἀρτεμίσιον

177 1103 339 1182 ναυλοχέειν
359 1103 421 1164 νέας
440 1101 608 1177 Ἑλληνίδας
634 1100 741 1181 ὀλίγας,
761 1099 825 1159 τότε
851 1100 881 1160 δέ
901 1100 979 1160 αὐτοὶ

179 1190 288 1264 ἰδόντες,
317 1191 457 1267 πρόθυμοι
476 1188 551 1264 ἦσαν
576 1189 745 1267 ἐπιχειρέειν,
773 1188 799 1246 εί
817 1214 869 1251 κως
890 1189 980 1248 ἕλοιεν

177 1277 270 1342 αὐτάς.
313 1284 342 1338 ἐκ
355 1277 453 1356 μὲνδὴ
468 1283 519 1352 τῆς
532 1276 626 1352 ἀντίης
642 1275 823 1352 προσπλιόειν
837 1275 908 1334 οὔκω
922 1283 978 1352 σφι

180 1367 270 1426 ἐδόκεε
295 1367 380 1427 τῶνδε
408 1367 505 1435 εἵνεκα,
532 1364 573 1441 μή
595 1391 646 1428 κως
667 1363 769 1434 ἰδόντες
793 1367 819 1422 οἱ
840 1363 979 1440 Ἕλληνες

178 1454 401 1530 προσπλώοντας
421 1459 448 1516 ἐς
475 1453 569 1534 φυγήν
589 1452 751 1530 ὁρμήσειαν,
775 1451 929 1532 φεύγοντάς
948 1479 978 1511 τε

178 1541 300 1619 εὐφρόνη
314 1541 483 1618 καταλάβοι·
506 1543 551 1600 καὶ
561 1542 682 1618 ἔμελλον
692 1540 775 1615 δῆθεν
785 1539 977 1615 ἐκφεύξεσθαι,

178 1630 231 1689 ἔδει
244 1630 274 1689 δέ
286 1629 356 1706 μηδὲ
374 1629 528 1707 πυρφόρον,
543 1633 581 1708 τῷ
597 1629 705 1688 ἐκείνων
721 1627 806 1708 λόγῳ,
821 1627 979 1709 ἐκφυγόντα

151 1718 383 1800 ἰ’περιγενέσθαι.
424 1717 494 1795 πρός
520 1721 607 1777 ταῦτα
634 1715 671 1776 ὧν
690 1715 756 1776 τάδε
783 1717 977 1795 έμηχανέοντο·

177 1811 232 1867 τῶν
258 1811 326 1867 νεῶν
353 1806 484 1866 ἁπασέων
504 1805 700 1882 ἀποκρίναντες
720 1804 863 1880 διηκοσίας
889 1806 977 1881 περιέ-

178 1921 289 1972 πεμπον
303 1895 401 1965 ἔξωθεν
415 1894 544 1964 Σκιάθου,
559 1893 594 1956 οἷς
610 1891 645 1952 ἂν
660 1892 701 1970 μή
717 1891 844 1968 όφθέωσι
857 1891 911 1952 ὑπὸ
924 1898 979 1954 τῶν

177 1985 321 2061 πολεμίων
336 1982 548 2062 περιπλάσυσαι
560 1979 688 2059 Εὔβοιαν
707 1979 777 2040 κατά
792 2007 822 2039 τε
839 1983 979 2058 Καφηρέα

178 2074 224 2131 καὶ
241 2074 305 2149 περὶ
325 2071 487 2149 Γεραιστόν,
512 2075 540 2134 ἐς
557 2070 607 2130 τόν
626 2069 759 2147 Εὔριπον·
782 2069 826 2128 ἵνα
848 2068 881 2145 δή
903 2095 979 2147 περι-

179 2161 305 2237 λάβοιεν,
334 2164 360 2220 οἱ
386 2163 438 2236 μέν
458 2158 544 2236 ταύτῃ
566 2157 729 2234 ἀπικόμενοι
756 2158 801 2216 καὶ
824 2157 980 2235 φράξαντες

178 2248 268 2308 αὐτῶν
280 2249 332 2324 τήν
348 2247 439 2307 ὀπίσω
456 2249 600 2323 φέρουσαν
618 2246 691 2317 ὁδόν,
705 2249 790 2322 σφεῖς
810 2245 839 2305 δέ
860 2247 979 2307 ἐπισπό-

178 2361 256 2414 μενοι
270 2336 301 2405 ἐξ
318 2336 450 2411 ἐναντίης
471 2340 560 2394 ταῦτα
573 2334 799 2411 βουλευσάμενοι
812 2333 981 2412 άπέπεμπον

177 2429 232 2484 τῶν
254 2428 321 2484 νεῶν
341 2423 391 2486 τάς
409 2424 568 2502 ταχθείσας,
586 2422 665 2483 αὐτοὶ
682 2422 732 2482 οὐκ
752 2427 781 2482 ἐν
799 2422 852 2502 νόῳ
870 2424 981 2502 ἔχοντες

177 2512 280 2590 ταύτης
292 2515 342 2589 τῆς
355 2511 459 2589 ἡμέρης
474 2515 550 2570 τοῖσι
559 2511 687 2588 Ἕλλησι
707 2510 901 2586 ἐπιθήσεσθαι,
916 2512 981 2572 οὐδὲ

177 2601 312 2679 πρότερον
334 2598 353 2676 ή
376 2599 408 2659 τό
437 2599 566 2675 σύνθημά
594 2606 650 2676 σφι
672 2601 774 2676 ἔμελλε
799 2600 981 2676 φανήσεσθαι

177 2689 254 2767 παρά
274 2693 329 2750 τῶν
350 2687 561 2764 περιπλωόντων
583 2687 618 2751 οἷς
638 2687 771 2764 ἡκόντων.
812 2687 913 2751 ταότας
927 2691 982 2764 μέν

178 2779 212 2854 δή
238 2779 435 2856 περιέπεμπον·
476 2779 531 2835 τῶν
557 2777 586 2834 δὲ
613 2776 734 2836 λοιπέων
759 2779 827 2836 νεῶν
854 2780 883 2835 ἐν
909 2781 981 2854 τῇσι

177 2866 318 2946 Ἀφέτῃσι
331 2869 473 2925 ἐποιεῦντο
487 2862 616 2941 άριθμόν.

151 2958 169 3014 8
218 2953 267 3014 Ἐν
293 2953 323 3012 δέ
348 2952 436 3030 τούτῳ
462 2955 501 3030 τῷ
527 2952 626 3031 χρόνῳ,
654 2957 683 3012 ἐν
707 2949 728 3031 ᾧ
755 2949 833 3012 οὗτοι
859 2949 980 3029 α’ριθμόν

181 3044 321 3100 ἐποιεῦντο
332 3043 386 3099 τῶν
400 3043 476 3109 νεῶν,
487 3037 522 3114 ἦν
534 3039 590 3119 γάρ
604 3045 633 3100 ἐν
646 3043 684 3119 τῷ
698 3040 877 3120 στρατοπέδῳ
890 3039 981 3121 τούτῳ

179 3129 319 3203 Σκυλλίης
347 3129 503 3195 Σκιωναῖος,
536 3126 617 3202 δύτης
647 3131 703 3188 τῶν
733 3127 797 3188 τότε
829 3127 983 3206 ἀνθρώπων

178 3213 302 3289 ἄριστος·
323 3213 415 3276 ὅςκαὶ
437 3219 466 3272 ἐν
483 3217 518 3291 τῇ
537 3216 654 3295 ναυηγίη
672 3219 708 3294 τῇ
728 3216 798 3274 κατά
817 3215 850 3275 τά
868 3216 983 3292 Πήλιον

176 3301 311 3378 γενομένῃ
337 3300 435 3358 πολλά
460 3303 513 3376 μέν
533 3303 623 3361 ἔσωσε
646 3306 701 3362 τῶν
727 3303 877 3380 χρημάτων
903 3309 982 3368 τοῖσι
