2276 3554
494 22 668 222 ηυ-

355 573 359 578 .
392 509 743 582 ἨΡΟΔΟΤΟΥ

290 689 548 760 ἸΣΤΟΡΙΩΝ
583 689 835 761 ἙΒΔΟΜΗ.

516 862 616 891 -0—

453 983 676 1038 ΠοΛΥΜΝΙΑ.
755 965 757 970 ’

158 1101 172 1159 l
228 1099 332 1159 ἘΠΕῙ
354 1099 383 1159 δὲ
403 1098 522 1181 ἀγγελίη
542 1097 656 1159 ἀπίκετο
677 1097 808 1176 περὶτῆς
827 1095 921 1175 μάχης
938 1098 990 1172 τῆς

190 1192 220 1246 ἓν
236 1187 389 1264 Μαραθῶνι
406 1188 555 1267 γενομένης
570 1186 647 1264 παρά
665 1188 792 1263 βασιλέα
806 1187 926 1262 Δαρεῖον
938 1183 990 1244 τόν

189 1275 375 1346 Ὑστάσπεος,
393 1275 438 1334 καὶ
456 1277 523 1352 πρὶν
540 1275 670 1356 μεγάλως
688 1274 895 1355 κεχαραγμένον
912 1275 990 1332 τοῖσι

188 1361 364 1439 Ἀθηναίοισι
381 1362 426 1422 διά
443 1363 496 1438 τήν
514 1368 541 1426 ἒς
560 1362 661 1439 Σάρδις
680 1362 817 1438 ἐσβολὴν,
835 1361 880 1420 καὶ
919 1359 927 1382 ⁸
942 1361 989 1419 καὶ

189 1443 254 1504 τότε
271 1448 372 1522 πολλῷ
388 1443 576 1521 τεδεινότερα
588 1445 679 1504 ε’ποίεε
692 1444 738 1502 καὶ
749 1447 864 1520 μᾶλλον
878 1440 988 1519 ὥρμητο

188 1531 392 1608 στρατεύεσθαι
402 1532 446 1591 ε’πὶ
459 1532 511 1607 τὴν
520 1531 656 1592 Ἑλλάδα.
678 1530 724 1590 καὶ
736 1530 834 1590 αὐτίκα
843 1532 894 1607 μὲν
904 1535 988 1611 ε’πηγ-

187 1620 309 1700 γέλλετο
332 1621 448 1696 πέμπων
472 1620 608 1701 ἀγγέλους
632 1618 702 1680 κατά
721 1619 812 1688 πόλις,
836 1618 989 1695 ἑτοιμάζειν

189 1707 332 1784 στρατιὴν,
351 1712 452 1786 πολλῷ
467 1710 543 1767 πλέω
560 1706 720 1768 ἐπιτάσσων
733 1705 751 1782 ἦ
764 1705 901 1784 πρότερον
917 1732 987 1784 παρ

189 1800 273 1875 εἶχον,
288 1797 333 1855 καὶ
349 1797 412 1859 νέας
430 1822 460 1855 τε
482 1798 528 1855 καὶ
544 1796 645 1860 ἵππους
663 1796 708 1855 καὶ
724 1799 806 1854 σῖτον
826 1796 872 1854 καὶ
890 1799 987 1854 πλοῖα·

188 1885 292 1944 τούτων
312 1884 342 1943 δὲ
362 1883 648 1965 περιαγγελλομένων,
664 1883 683 1960 ἦ
699 1883 783 1959 Ἀσίη
800 1883 922 1942 ἐδονέετο
943 1883 989 1942 ε’πὶ

188 1973 252 2049 τρία
265 1974 334 2042 ἔτεα,
349 1972 577 2052 καταλεγομένων
590 1996 620 2030 τε
633 1974 688 2031 τῶν
701 1970 823 2048 ἀρίστων
832 1969 868 2034 ὦς
882 1970 928 2029 ἐπὶ
937 1971 989 2046 τήν

187 2059 313 2119 Ἐλλάδα
340 2058 595 2136 στρατευσομένων,
620 2059 667 2118 καὶ
694 2057 989 2136 παρασκευαζομένων.

188 2147 309 2227 τετάρτῳ
330 2148 360 2208 δὲ
380 2148 434 2206 ἔτεϊ
454 2147 611 2228 Αἰγύπτιοι,
628 2147 683 2206 ὑπό
701 2145 866 2224 Καμβύσεω
887 2146 990 2206 δουλω-

191 2236 290 2304 θέντες,
315 2235 481 2311 ἀπέστησαν
501 2234 557 2294 ἀπό
579 2235 722 2311 Περσέων·
751 2235 868 2294 ε’νθαῦτα
889 2234 923 2311 δη
944 2237 990 2294 καὶ

189 2327 302 2398 μᾶλλον
322 2322 433 2399 ὥρμητο
455 2324 500 2381 καὶ
518 2322 560 2382 ἐπ’
577 2322 754 2400 ἀμφοτέρους
774 2321 989 2399 στρατεύεσθαι.

162 2409 384 2486 2Στελλομένου
404 2410 434 2469 δὲ
448 2411 569 2487 Δαρείου
582 2409 624 2470 ἐπ’
642 2411 785 2492 Αἴγυπτον
802 2411 847 2469 καὶ
859 2409 990 2487 Ἀθήνας,

189 2502 243 2558 τῶν
260 2497 365 2558 παίδων
380 2497 465 2558 αὐτοῦ
484 2498 587 2562 στάσις
607 2498 715 2579 ε’γένετο
733 2499 845 2580 μεγάλη
863 2500 992 2576 περὶτῆς

189 2585 347 2666 ἡγεμονίης·
368 2586 404 2650 ἀς
417 2586 459 2646 δεῖ
470 2612 519 2664 μιν
531 2586 703 2656 ἀποδέξαντα
716 2585 844 2663 βασιλέα
858 2585 928 2646 κατά
941 2587 992 2648 τόν

191 2666 325 2745 Περσέων
332 2667 426 2744 νόμον,
434 2667 505 2728 οὕτω
512 2667 724 2745 στρατεύεσθαι·
737 2666 812 2743 ἦσαν
818 2667 992 2748 γὰρΔαρείῳ

190 2756 237 2816 καὶ
255 2755 392 2834 πρότερον
409 2755 427 2833 ἢ
444 2758 620 2833 βασιλεῦσαι
635 2755 781 2837 γεγονότες
795 2759 869 2833 τρεῖς
885 2757 991 2827 παῖδες,

190 2850 220 2905 έκ
240 2849 291 2920 τῆς
310 2843 446 2922 προτέρης
468 2844 597 2926 γυναικός
620 2843 759 2922 Γωβρόεω
779 2843 923 2925 θυγατρός,
945 2846 992 2905 καὶ

189 2931 399 3007 βασιλεύσαντι
419 2932 450 3002 ἐξ
467 2930 611 3008 Ἀτόσσης
630 2936 680 3007 τῆς
701 2931 796 3009 Κόρου
819 2932 907 3009 ἕτεροι
926 2932 990 2993 τέσ-

191 3045 281 3096 σερες·
301 3023 356 3080 τῶν
371 3023 423 3097 μὲν
439 3019 473 3095 δὴ
487 3020 629 3097 προτέρων
647 3020 803 3096 ἐπρέσβευε
815 3019 992 3097 Ἀρτοβαζά-

191 3131 247 3180 νης,
264 3109 320 3165 τῶν
336 3106 366 3164 δὲ
383 3106 583 3187 ἐπιγενομένων
599 3107 714 3184 Ξέρξης·
733 3108 821 3171 ε’όντες
840 3108 869 3166 δὲ
883 3109 993 3186 μητρός

191 3191 224 3250 οὗ
247 3197 297 3266 τῆς
320 3193 412 3267 αὐτῆς,
438 3195 615 3264 ἐστασίαζον·
650 3194 667 3254 ό
693 3197 745 3270 μὲν
768 3194 991 3273 Ἀρτοβαζάνης,

192 3278 286 3336 κατότι
306 3278 502 3354 πρισβότατός
522 3305 552 3338 τε
573 3281 615 3356 εἶη
635 3281 739 3345 παντός
764 3286 815 3342 τοῦ
839 3282 924 3360 γόνου
945 3285 993 3344 καὶ
