2258 3568
579 9 634 86 Ζ.

201 142 232 187 ιο
506 134 689 183 Ἤτοιουου
934 135 1003 198 [vn

199 218 256 287 δον,
269 215 392 292 ἤλαυνον
406 216 451 274 ἐπὶ
464 215 516 291 τήν
531 215 669 290 Μίλητον,
683 215 719 274 τά
739 213 816 273 ἅλλα
833 215 998 289 πολίσματα

200 306 265 382 περὶ
281 304 439 365 ἐλάσσονος
455 301 650 379 ποιησάμενοι·
671 305 722 362 τοῦ
743 302 772 361 δὲ
784 305 922 362 Ιναυτικοῦ
936 305 999 362 Φοί-

201 419 272 456 νικες
292 395 343 469 μὲν
363 391 437 467 ἦσαν
458 389 674 469 προθυμότατοι·
696 389 950 467 συνεστρατεύοντο
970 392 999 451 δὲ

201 483 247 540 καὶ
271 480 393 558 Κύπριοι
415 479 514 540 νεωστὶ
542 479 788 556 κατεστραμμένοι,
814 479 860 537 καὶ
884 481 1000 544 Κίλικές

167 569 184 631 7
198 595 229 629 τε
250 571 295 628 καὶ
309 568 466 650 Αἰγύπτιοι.
509 571 546 626 Οἱ
560 571 610 644 μὲν
628 567 662 642 δὴ
677 567 723 626 ἐπὶ
736 567 787 642 τήν
801 568 933 642 Μίλητον
954 570 1000 629 καὶ

200 657 252 734 τὴν
265 657 357 734 άλλην
370 655 475 732 Ἰωνίην
492 655 667 733 ἐστράτευον.
703 653 795 717 Ἴωνες
815 654 845 712 δέ
865 655 999 715 πυνθανό-

201 773 280 823 μενοι
292 750 388 816 ταῦτα,
403 746 527 821 ἔπεμπον
547 744 726 820 προβούλους
746 744 842 818 σφέων
863 741 953 803 αὐτῶν
974 750 1001 808 ἐς

202 834 365 894 Πανιώνιον·
387 833 582 910 ἀπικομένοισι
602 832 631 890 δὲ
651 831 777 891 τούτοισι
798 836 824 894 ἐς
839 836 939 891 τοῦτον
952 833 1001 892 τάν

201 926 292 1001 χῶρον
313 923 358 982 καὶ
377 923 611 997 βουλευομένοισι
628 921 703 990 ἔδοξε
716 919 801 991 πεζάν
812 921 864 995 μέν
878 921 1001 996 στρατάν

198 1010 241 1088 μή
263 1011 413 1092 συλλέγειν
435 1009 561 1078 άντίξοον
583 1010 724 1087 Πέρσησι,
747 1007 824 1067 άλλά
848 1007 884 1067 τά
906 1011 1001 1088 τείχεα

201 1097 319 1176 ῥύεσθαι
333 1097 432 1161 αύτούς
445 1100 616 1174 Μιλησίους·
637 1097 670 1156 τά
685 1097 714 1156 δὲ
728 1095 856 1156 ναυτικόν
874 1101 1002 1174 πληροῦν

200 1187 436 1264 ύπολειττομένονς
457 1187 593 1264 μηδεμίαν
615 1190 671 1246 τῶν
698 1191 773 1246 νεῶν·
800 1185 1001 1262 πληρώσαντες

201 1276 231 1335 δέ
252 1277 445 1356 συλλέγεσθαι
461 1275 512 1350 τὴν
524 1276 663 1354 ταχίστην
684 1281 710 1338 ἐς
724 1273 827 1350 Λάδην,
842 1299 1001 1352 προναυμα-

200 1365 342 1442 χήσοντας
356 1363 496 1439 Μιλήτου.
538 1363 557 1440 ἡ
578 1364 607 1422 δὲ
619 1363 699 1440 Λάδη
718 1363 779 1422 ἐστὶ
793 1366 879 1437 νῆσος
893 1364 1000 1441 σμικρή

167 1456 185 1511 8
201 1453 246 1510 ἐπὶ
258 1457 294 1531 τῇ
307 1453 377 1512 πάλι
390 1457 425 1531 τῇ
439 1453 588 1528 Μιλησίων
602 1453 721 1528 κειμένη.
763 1451 846 1509 Μετὰ
860 1451 889 1508 δὲ
903 1456 999 1522 ταῦτα,

201 1541 436 1618 πεπληρωμένῃσι
456 1545 524 1618 τῇσι
543 1541 626 1616 νηυσὶ
646 1545 778 1618 παρῆσαν
792 1542 819 1598 οἱ
830 1539 930 1612 Ἴωνες,
947 1541 1001 1602 σύν

203 1628 233 1686 δέ
246 1635 301 1704 σφι
315 1629 361 1686 καὶ
374 1630 497 1688 Αἰολέων
512 1629 537 1688 οἳ
550 1630 668 1704 Λέσβον
681 1629 820 1704 νέμονται·
843 1628 999 1688 ἐτάσσοντο

200 1716 229 1774 δὲ
248 1715 309 1776 ὧδε·
329 1717 363 1776 τά
383 1720 434 1794 μὲν
454 1716 524 1793 πράς
543 1716 596 1792 τήν
616 1717 650 1774 ἐω
668 1716 744 1794 εἶχον
757 1716 838 1792 κέρας
851 1714 931 1774 αὐτοὶ
945 1722 1001 1775 Μι-

199 1805 306 1880 λη’σιοι,
331 1807 393 1869 νέας
419 1805 605 1883 παρεχόμενοι
632 1803 798 1885 ὀγδώκοντα.
841 1804 950 1883 εἴχοντο
971 1805 1000 1864 δὲ

198 1895 317 1953 τουτέων
325 1895 459 1971 Πριηνέες
472 1893 592 1952 δυώδεκα
605 1892 696 1968 νηυσὶ,
711 1893 756 1950 καὶ
767 1893 909 1952 Μυούσιοι
922 1894 1001 1968 τρισὶ

199 1983 291 2058 νηυσί·
313 1983 465 2042 Μυουσίων
481 1981 510 2039 δὲ
527 1981 606 2056 Τήῖοι
624 1982 733 2060 εἴχοντο
752 1980 935 2039 ἑπτακαίδεκα
954 2007 1001 2056 νη-

199 2071 257 2129 υσί·
278 2070 368 2146 Τηίων
390 2070 419 2128 δὲ
440 2070 549 2147 εἴχοντο
563 2072 629 2128 Χῖοι
648 2068 745 2128 έκατὸν
765 2065 857 2143 νηύσί·
878 2067 950 2146 πράς
970 2069 1001 2129 δὲ

198 2157 325 2218 τούτοισι
337 2157 500 2235 Ἐρυθραῖοί
509 2183 540 2217 τε
551 2157 708 2218 ἐτάσσοντο
723 2157 768 2216 καὶ
776 2159 908 2229 Φωκαέες,
920 2155 1001 2234 Ἐρυ-

200 2247 292 2322 θραῖοι
306 2248 357 2322 μὲν
371 2245 443 2305 dm)
457 2247 519 2308 νέας
534 2245 722 2324 παρεχόμενοι
735 2247 860 2308 Φωκαέες
874 2245 903 2303 δὲ
916 2248 1001 2322 τρεῖς.

199 2335 333 2393 Φωκαέων
355 2334 384 2392 δέ
408 2334 515 2412 εἴχοντο
539 2335 662 2410 Λέσβιοι
689 2333 771 2408 νηυσὶ
796 2332 1001 2409 ἑβδομήκοντα.

199 2425 353 2480 τελευταῖοι
374 2422 403 2480 δὲ
425 2421 581 2482 ἐτάσσοντο
603 2423 712 2499 ἔχοντες
733 2420 765 2479 τά
787 2413 858 2497 πράς
878 2422 1003 2499 ἑσπέρην

201 2510 281 2586 κέρας
304 2509 405 2586 Σάμιοι
424 2509 557 2585 ἐξήκοντα
577 2510 669 2585 νηυσί.
710 2509 824 2568 πασέων
841 2509 870 2566 δὲ
883 2510 1004 2570 τουτέων

200 2597 216 2658 ὁ
230 2598 344 2675 σύμπας
365 2597 483 2675 άριθμός
497 2599 604 2679 ἐγένετο
622 2601 696 2676 τρεῖς
710 2599 756 2656 καὶ
769 2595 941 2672 πεντήκοντα
956 2600 1004 2658 καὶ

167 2686 357 2762 9τριηκόσιαι
377 2685 509 2763 τριήρεες·
531 2685 613 2746 αὗται
631 2689 682 2763 μὲν
695 2684 793 2746 Ἰάνων
813 2684 899 2762 ἦσαν.
941 2690 1004 2748 Τῶν

202 2775 231 2833 δὲ
248 2775 405 2852 βαρβάρων
425 2773 457 2834 τά
478 2777 588 2850 πλῆθος
600 2777 655 2834 τῶν
669 2778 736 2834 νεῶν
749 2772 824 2848 ἦσαν
846 2773 1003 2842 ἑξακόσιαι.

202 2862 237 2926 ὦς
253 2863 282 2922 δέ
301 2863 347 2921 καὶ
363 2860 444 2922 αὗται
462 2861 581 2922 άπίκατο
599 2861 668 2939 πρὸς
684 2861 735 2937 τὴν
749 2861 898 2938 Μιλησίην
919 2863 965 2921 καῖ
987 2862 1004 2923 θ

202 2951 284 3021 πεζός
303 2957 359 3026 σφι
377 2948 451 3012 άπας
467 2954 567 3027 παρῆν,
582 2951 700 3010 ἐνθαῦτα
721 2953 747 3008 οἱ
761 2952 896 3026 Περσέων
917 2977 1005 3028 στρα-

204 3038 451 3118 τηγοὶπυθάμενοι
463 3038 496 3097 τι)
510 3039 620 3112 πλῆθος
633 3043 687 3096 τῶν
700 3037 795 3096 Ἰάδων
813 3043 887 3108 νεῶν,
903 3065 1005 3116 καταρ-

203 3125 334 3201 ρώδησαν
346 3125 386 3201 μή
401 3123 433 3183 ού
447 3125 557 3184 δυνατοὶ
570 3125 701 3204 γένωνται
718 3124 942 3200 ὑπερβαλέσθαι,
958 3129 1005 3188 καὶ

204 3211 274 3270 οὕτω
288 3211 350 3271 οὔτε
362 3211 414 3287 τήν
427 3213 558 3286 Μίλητον
572 3211 627 3270 οἶοί
638 3237 672 3270 τε.
683 3213 749 3270 ἔωσι
767 3214 871 3281 ἐξελεῖν
891 3214 932 3290 μὴ
954 3215 1006 3274 οῖκ

205 3297 295 3362 ἐόντες
313 3299 503 3376 ναυκράτορες,
522 3299 592 3374 πρός
613 3325 644 3358 τε
663 3298 784 3371 Δαρείου
806 3301 1004 3364 κινδυνεύσωσι
