2250 3552
137 147 248 211 ιιι-αι]
432 141 618 190 Κκιιτοτιιι.
665 147 666 150 “
894 145 939 195 ιιι

138 253 170 287 τε
183 227 218 306 δή
232 229 318 288 ἵππον
331 226 415 284 αὐτοῦ
426 221 610 298 λαμβάνουσι
621 223 667 282 καὶ
677 221 761 284 αύτὸν
771 222 943 300 ἀμυνόμενον

139 318 288 386 κτείνουσι,
302 311 360 374 κατ’
375 309 464 390 ιῖρχοὶς
478 307 510 370 ού
521 309 675 386 δυνάμενοι·
693 310 878 371 ἐνεσκεύαστο
888 309 943 392 γοὶρ

140 402 220 462 οὕτω·
243 403 319 466 ἐντός
335 400 448 478 θώρηκα
467 398 525 476 εἶχε
542 398 664 477 χρύσεον
678 400 842 461 λεπιδώτον·
864 399 942 458 κατύ-

140 493 226 569 περθε
247 493 276 551 δὲ
295 493 346 552 τοῦ
369 487 492 565 θώρηκος
511 488 613 547 κιθῶνα
633 490 774 563 φοινίκεον
796 486 943 548 ἐνδεδύκεε·

140 579 290 644 τύπτοντες
308 580 338 639 δὲ
354 583 382 642 ἐς
397 576 447 637 τόν
464 574 583 653 θώρηκα,
599 577 707 635 ἐποίευν
723 576 810 637 οὐδέν·
832 579 898 654 πρίν
910 602 944 656 γε

141 667 176 742 δή
188 668 286 745 μαθών
299 694 341 731 τις
353 665 386 726 τὸ
401 663 573 741 ποιεύμενον,
583 665 658 722 παίει
671 691 720 741 μιν
735 669 761 728 ἐς
774 665 824 726 τόν
835 665 944 743 ὀφθαλ-

141 754 205 832 μόν·
227 755 299 816 οὕτω
316 755 349 831 δὴ
368 753 453 814 ἔπεσέ
467 777 498 811 τε
513 753 559 810 καὶ
572 750 711 813 ἀπέθανε)
743 757 831 814 ταῦτα
845 755 876 813 δέ
893 781 945 816 κως

141 843 275 922 γινόμενα
303 842 435 918 ἐλελήθεε
455 839 520 903 τούς
541 839 646 903 ἄλλους
669 841 777 905 ἱππέας·
806 841 870 902 οὔτε
889 843 944 923 γάρ

142 931 268 1006 πεσόντα
278 957 326 1009 μιν
337 930 409 990 εἶδον
423 927 479 988 α’πό
490 931 540 988 τοῦ
552 929 638 987 ἵππου
649 928 711 988 οὔτε
722 929 944 1008 ἀποθνήσκοντα·

143 1017 337 1098 άναχωρήσιός
349 1044 380 1079 τε
393 1018 539 1098 γινομένης
552 1017 598 1074 καὶ
616 1016 800 1095 ὑποστροφῆς
819 1019 868 1079 οὐκ
883 1020 946 1094 ἔμα-

144 1107 195 1167 θον
215 1107 249 1167 τό
272 1106 429 1188 γενόμενον,
447 1106 509 1164 ἐπεί
522 1130 552 1164 τε
571 1105 601 1164 δὲ
620 1107 752 1181 ἔστησαν,
770 1106 869 1167 αύτίκα
883 1107 945 1167 ἐτι-ό·

144 1195 240 1265 θεσαν,
259 1195 295 1260 ὥς
311 1203 403 1272 σφεας
420 1193 508 1257 οὐδεὶς
526 1193 593 1270 ἧνὸ
614 1194 737 1254 τάσσων·
762 1195 898 1271 μαθόντες
916 1196 946 1254 δὲ

142 1283 176 1344 τό
196 1284 320 1365 γεγονός,
341 1281 587 1359 διακελευσάμενοι
611 1281 733 1358 ἤλαυνον
757 1283 821 1348 τούς
847 1285 947 1347 ἵππους

145 1371 253 1441 πάντες,
268 1371 304 1434 ώς
316 1369 350 1431 ἂν
362 1370 458 1451 τόνγε
472 1369 568 1447 νεκρόν
586 1369 743 1431 οἶνελοίατο.
784 1371 901 1436 Ἰδόντες
917 1373 946 1431 δὲ
955 1375 994 1431 23

145 1463 172 1518 οἱ
184 1458 328 1536 Ἀθηναῖοι
341 1459 432 1519 ούκέτι
447 1457 516 1517 κατά
530 1459 614 1517 τέλεα
627 1460 871 1536 προσελαύνοντας
883 1460 948 1525 τούς

145 1549 253 1620 ἱππέας,
269 1546 335 1607 ἀλλ’
350 1546 409 1624 ἅμα
427 1547 541 1617 πάντας,
555 1545 607 1623 τήν
623 1547 716 1624 άλλην
733 1549 869 1626 στρατιήν
887 1555 946 1609 ἐπε-

144 1637 290 1712 βώσαντο·
319 1642 347 1696 ἐν
368 1633 389 1715 ᾧ
410 1635 439 1694 δέ
456 1635 471 1696 ὁ
488 1635 571 1707 πεζός
589 1635 661 1700 ἅπας
682 1637 795 1713 ἐβώθεε,
813 1644 841 1698 ἐν
859 1639 946 1718 τούτῳ

144 1724 222 1803 μάχη
240 1724 317 1794 ὀξεῖα
332 1723 463 1800 περὶτοῦ
487 1727 584 1800 νεκροῦ
606 1725 720 1805 γίνεται.
763 1726 811 1789 ἕως
828 1727 880 1802 μέν
900 1752 947 1786 νυν

144 1818 243 1890 μοῦνοι
261 1813 336 1888 ἦσαν
351 1816 378 1871 οἱ
390 1810 555 1889 τριηκόσιοι,
571 1812 708 1872 ἑσσοῦντό
723 1839 754 1874 τε
770 1813 881 1872 πολλόν
902 1813 947 1872 καὶ

145 1901 195 1960 τόν
209 1901 305 1979 νεκρόν
315 1899 478 1960 α’πέλειπον·
497 1899 532 1964 οἷς
546 1900 575 1959 δέ
589 1908 645 1975 σφι
658 1901 690 1960 τό
704 1901 814 1976 πλῆθος
828 1900 947 1976 ἐπεβοή-

146 1991 246 2066 θησαν,
261 1989 332 2050 οὗτω
341 1989 375 2065 δή
387 1989 479 2049 ούκέτι
490 1992 517 2048 οἱ
532 1987 647 2048 ἱππόται
656 1987 801 2066 ύπέμενον,
816 1988 879 2048 ούδέ
892 1996 948 2065 σφι

146 2079 286 2159 ἐξεγένετο
304 2077 354 2138 τόν
372 2077 469 2154 νεκρόν
485 2077 645 2138 ἀνελέσθαι·
671 2077 748 2138 α’λλοῖ
765 2077 836 2155 πρός
857 2079 948 2158 ἐκείνῳ

146 2165 253 2230 ἄλλους
271 2167 495 2244 προσαπώλεσαν
513 2170 568 2225 τῶν
582 2167 695 2226 ἱππέων.
736 2165 949 2244 ἀποστήσαντες

146 2253 184 2314 ὧν
201 2255 270 2316 ὅσον
288 2282 319 2315 τε
338 2255 387 2314 δύο
405 2253 514 2327 στάδια,
531 2253 715 2330 ἐβουλεύοντο
730 2254 747 2316 ὅ
765 2281 792 2315 τι
810 2255 892 2336 χρεόν
907 2257 948 2333 εἴη

146 2346 263 2414 ποιέειν;
286 2345 377 2405 ἐδόκεε
390 2345 421 2404 δέ
434 2350 498 2420 σφι,
514 2342 646 2422 ἀναρχίης
660 2344 768 2421 ἐούσης,
783 2344 948 2405 ἀπελαύνειν

146 2433 224 2511 παρὰ
240 2432 406 2510 Μαρδόνιον.
448 2431 632 2507 Ἀπικομένης
650 2432 679 2490 δὲ
696 2437 747 2508 τῆς
767 2434 852 2494 ἵππου
872 2439 898 2497 ἐς
915 2432 947 2494 τό
958 2437 995 2493 24

147 2522 345 2598 στρατόπεδον,
370 2521 470 2584 πένθος
495 2519 663 2595 ἐποιήσαντο
685 2523 849 2581 Μασιστίου
869 2523 949 2581 πᾶσά

146 2635 178 2669 τε
200 2609 219 2686 ή
243 2609 362 2687 στρατιή
385 2609 431 2668 καὶ
455 2607 613 2686 Μαρδόνιος
636 2609 780 2690 μέγιστον,
803 2610 895 2684 σφέας
918 2637 948 2669 τε

147 2697 247 2762 αὐτούς
262 2699 397 2775 κείροντες
416 2698 462 2756 καὶ
479 2697 544 2759 τούς
562 2697 662 2759 ἵππους
683 2697 728 2754 καὶ
748 2696 784 2755 τὰ
804 2695 947 2777 ὑποζύγια,

147 2790 255 2868 οἰμωγῇ
281 2813 312 2847 τε
339 2785 491 2866 χρεώμενοι
518 2784 639 2864 ἀπλέτῳ·
674 2783 789 2844 ἅπασαν
814 2783 869 2866 γὰρ
897 2784 949 2861 τήν

148 2877 283 2951 Βοιωτίην
303 2878 413 2953 κατεῖχε
430 2873 499 2954 ήχώ·
521 2873 557 2936 ώς
573 2872 671 2950 ἀνδρός
688 2871 865 2949 ἀπολομένου
879 2873 950 2950 μετά

147 2989 181 3044 γε
201 2963 361 3040 Μαρδόνιον
383 2961 576 3043 λογιμωτάτου
598 2961 675 3038 παρά
695 2988 725 3021 τε
750 2962 882 3040 Πέρσῃσι
904 2963 950 3020 καὶ

147 3053 277 3127 βασιλέϊ.
320 3055 357 3111 Οἱ
374 3052 426 3128 μέν
443 3077 491 3110 νυν
504 3051 651 3127 βάρβαροι
664 3050 758 3129 τρόπῳ
771 3054 809 3129 τῷ
822 3051 949 3130 σφετέρῳ
959 3053 996 3109 25

149 3139 326 3200 ἀποθανόντα
346 3139 446 3216 ἐτίμων
462 3139 635 3197 Μασίστιον·
663 3142 689 3196 οἱ
708 3138 737 3196 δὲ
750 3138 897 3213 Ἕλληνες,
915 3139 949 3200 οἷς

150 3228 199 3302 τήν
218 3229 304 3288 ἵππον
326 3227 452 3297 ἐδέξαντο
469 3225 718 3302 προσβάλλουσαν
740 3227 785 3284 καὶ
806 3225 949 3302 δεξάμενοι

150 3315 268 3384 ὤσαντο,
289 3313 452 3388 ἐθάρσησάν
469 3339 500 3372 τε
524 3315 623 3386 πολλῷ
644 3316 765 3386 μᾶλλον,
787 3313 832 3369 καὶ
853 3315 948 3388 πρώτα
