2258 3568
131 138 241 202 12-15]
487 127 599 186 αεκυο.
905 139 935 186 οι

129 218 198 282 τούς
211 218 323 299 λόγους,
337 217 395 295 ἅμα
414 218 444 277 δὲ
463 219 644 293 κατεφαίνετό
658 224 715 295 σφι
728 217 798 277 εἶναι
815 217 937 278 ἀδύνατα

129 307 168 367 τά
179 307 321 383 βασιλέος
334 305 487 387 πρήγματα
499 305 722 384 άπερβαλέσθαι,
734 305 764 365 εὖ
777 332 808 366 τε
822 305 936 366 ἐπιστά-

129 421 212 470 μενοι
234 393 277 463 ῶς,
295 399 319 453 εἰ
341 395 387 452 καὶ
404 394 436 453 τό
456 394 560 472 παρεόν
577 394 706 454 ναυτικόν
724 395 936 470 ὑπερβαλοίατο

129 481 181 542 τάν
209 487 337 559 Δαρεῖον,
363 482 438 542 ἀλλο
465 489 521 558 σφι
547 484 688 560 παρέσται
714 483 933 558 πενταπλήσιον,

98 568 103 576 ’
129 570 295 647 προφάσιος
311 569 348 630 ὦν
366 570 577 648 ἐπιλαβόμενοι,
592 571 654 630 ἐπεί
669 597 700 630 τε
718 570 841 650 τάχιστα
863 572 935 632 εἶδον

128 659 197 722 τούς
211 657 309 721 Ἴωνας
330 657 511 735 ἀρνευμένους
533 659 602 718 εἶναι
623 659 773 738 χρηστούς,
797 665 826 718 ἐν
848 659 937 737 κέρδεῖ

130 751 276 807 ἐποιεῦντο
296 751 480 823 περιποιῆσαι
497 747 532 808 τά
546 773 577 806 τε
591 748 636 824 ἱρά
649 747 685 806 τά
699 749 825 824 σφέτερα
839 749 885 806 καὶ
897 748 934 809 τά

130 834 198 894 ἴδια.
240 834 300 895 όδέ
313 835 426 912 Αἰάκης,
440 835 505 913 παρ’
519 835 582 896 ὅτευ
600 835 666 898 τούς
686 835 789 916 λόγους
809 836 935 897 ἐδέκοντο

131 925 159 982 οἱ
182 921 293 1000 Σάμιοι,
315 927 381 986 ταῖς
401 926 453 1000 μὲν
476 923 512 999 ἦν
533 925 716 988 Συλοσῶντος
735 929 786 984 τοῦ
808 924 934 988 Αἰάκεος·

129 1010 264 1087 τόραννος
277 1011 307 1070 δέ
320 1011 371 1070 ἐῶν
385 1011 491 1088 Σάμου,
505 1010 559 1071 ὕπά
580 1015 630 1071 τοῦ
644 1013 791 1088 Μιλησίου
804 1011 934 1088 Ἀριστα-

130 1099 221 1179 γάρεω
234 1098 409 1176 ἀπεστέρητο
422 1100 475 1176 τήν
487 1099 586 1179 ἀρχήν,
601 1098 725 1176 κατάπερ
739 1103 766 1159 οἱ
779 1098 865 1159 ἀλλοι
885 1105 935 1176 τῆς

130 1185 236 1263 Ἰωνίης
254 1187 392 1265 τύραννοι.

173 1275 244 1336 Τότε
262 1274 298 1336 ῶν
315 1275 374 1334 ἐπεὶ
392 1275 538 1336 ἐπέπλωον
551 1278 578 1335 οἱ
591 1275 722 1345 Φοίνικες,
737 1277 764 1335 οἱ
777 1274 869 1340 Ἴωνες
888 1274 932 1337 ἀν·
943 1279 980 1337 14

130 1369 254 1446 τανῆγον
273 1365 318 1423 καὶ
337 1363 416 1424 αὐτοὶ
435 1363 486 1427 τάς
503 1365 566 1428 νέας
587 1364 632 1423 ἐπὶ
653 1365 743 1440 κέρας.
761 1392 766 1402 ’
785 1363 821 1428 ῶς
841 1363 937 1424 δὲκαὶ·

130 1451 223 1534 ἀγχοῦ
237 1454 360 1534 ἐγίνοντο
374 1453 420 1511 καὶ
434 1454 606 1534 συνέμισγον
620 1450 829 1528 ἀλλήλοισι,τά
844 1454 933 1513 ἐνθεῦ-

129 1567 178 1600 τεν
190 1541 241 1600 οὐκ
255 1543 308 1620 ἔχω
322 1541 456 1618 ἀτρεκέως
469 1540 632 1622 συγγράψαι
653 1539 751 1604 οἵτινες
768 1543 823 1600 τῶν
835 1539 933 1602 Ἰάνων

131 1631 259 1710 ἐγένοντο
273 1628 368 1706 ἀνδρες
381 1629 461 1688 κακοὶ
473 1627 492 1704 ἢ
506 1628 608 1711 ἀγαθοὶ
622 1632 651 1688 ἐν
664 1632 699 1706 τῇ
712 1629 851 1707 ναυμαχίῃ
868 1628 931 1688 ταύ-

130 1743 175 1796 τῃ·
196 1717 341 1794 ἀλλήλους
361 1718 417 1798 γάρ
441 1721 641 1776 καταιτιῶνται,
683 1717 815 1796 λέγονται
835 1717 864 1775 δέ
878 1717 932 1782 Σά-

129 1832 190 1881 μιοι
204 1807 329 1874 ἐνθαῦτα,
345 1805 415 1864 κατά
431 1804 466 1864 τά
486 1806 653 1886 συγκείμενα
668 1804 738 1880 πρός
751 1804 800 1864 τόν
814 1804 928 1875 Αἰάκεα,

130 1892 288 1969 ἀειράμενοι
300 1893 336 1952 τά
350 1894 427 1952 ἱστία
440 1892 611 1952 ἀποπλῶσαι
625 1898 654 1950 ἐκ
668 1896 718 1968 τῆς
731 1892 825 1962 τάξιος
839 1897 866 1955 ἐς
879 1894 931 1968 τήν

130 1980 235 2056 Σάμον,
248 1981 326 2057 πλήν
344 1981 439 2040 ἕνδεκα
456 1985 532 2041 νεῶν·
553 1981 671 2040 τουτέων
685 1981 755 2039 δὲοὶ
768 1980 931 2060 τριήραρχοι

129 2070 285 2146 παρέμενον
307 2071 352 2128 καὶ
374 2069 553 2148 ἐναυμάχεον,
573 2067 833 2144 ἀνηκουστήσαντες
854 2074 931 2128 τοῖσι
992 2115 993 2119 ,

130 2161 327 2238 στρατηγοῖσι·
350 2158 398 2215 καί
414 2163 470 2232 σφι
487 2156 520 2216 vo*
541 2157 632 2216 κοινόν
653 2159 707 2215 τῶν
721 2157 833 2232 Σαμίων
849 2157 931 2216 ἔδωκε

129 2245 175 2304 διά
187 2248 271 2304 τοῦτο
285 2245 317 2304 τό
331 2249 449 2326 πρῆγμα
463 2249 492 2303 ἐν
505 2243 600 2322 στήλη
614 2242 811 2323 ἀναγραφῆναι
824 2245 927 2322 πατρό-

129 2333 184 2406 θεν,
197 2333 232 2396 ῶς
242 2332 360 2410 ἀνδράσι
374 2333 507 2414 ἀγαθοῖσι
520 2332 705 2413 γενομένοισι·
727 2332 773 2389 καὶ
787 2333 847 2391 ἔστι
861 2333 930 2410 αὕτη

128 2420 147 2496 ἦ
160 2421 257 2496 στήλη
271 2426 300 2480 ἐν
313 2424 349 2500 τῇ
363 2419 462 2501 ἀγορῇ.
494 2419 613 2496 ἰδόμενοι
627 2420 657 2478 δὲ
671 2420 717 2478 καὶ
730 2422 853 2496 Λέσβιοι
866 2422 931 2486 τούς

129 2509 288 2587 προσεχέας
302 2507 465 2589 φεύγοντας,
476 2506 563 2567 τῶυτά
578 2509 686 2566 ἐποίευν
697 2511 773 2567 τοῖσι
785 2510 928 2585 Σαμίοισι·

130 2595 164 2658 ῶς
185 2597 216 2656 δὲ
238 2598 284 2655 καὶ
306 2599 332 2656 οἱ
353 2599 470 2659 πλεῦνες
489 2599 544 2656 τῶν
559 2594 658 2656 Ἰάνων
677 2597 786 2656 ἐποίευν
803 2596 839 2656 τά
859 2596 929 2658 οὖτά

128 2688 226 2744 ταῦτα.
255 2689 317 2744 Τῶν
330 2685 359 2744 δὲ
372 2683 598 2761 παραμεινάντων
612 2689 641 2743 ἐν
653 2687 689 2763 τῇ
703 2686 842 2763 ναυμαχίη
853 2711 929 2762 περι·
941 2690 976 2746 15

129 2773 261 2848 ἔφθησαν
273 2773 433 2851 τρηχύτατα
443 2775 517 2840 Χῖοι,
533 2771 567 2834 ῶς
580 2771 807 2849 ἀποδεικνύμενοί
818 2800 848 2832 τε
862 2775 928 2855 ἔργα

128 2859 249 2938 λαμπρά
271 2861 316 2918 καὶ
339 2860 389 2920 οὐκ
413 2861 646 2924 ἐθελοκακέοντες.
688 2863 855 2940 παρείχοντο
878 2865 929 2936 μὲν

127 2948 191 3027 γάρ,
211 2946 306 3026 ὥσπερ
329 2949 375 3007 καὶ
395 2945 530 3025 πρότερον
555 2947 654 3025 εἰρέθη,
673 2948 735 3012 νέας
757 2949 862 3017 ἑκατόν,
883 2939 928 3008 καὶ

128 3036 170 3096 ἐπ’
182 3036 303 3113 ἐκάστης
316 3035 420 3096 αὐτέων
433 3035 533 3113 ἀνδρας
545 3037 753 3118 τεσσεράκοντα
765 3041 821 3096 τῶν
835 3036 927 3096 ἀστῶν

126 3124 253 3206 λογάδας
271 3125 494 3202 ἐπιβατεύοντας.
538 3123 663 3199 ὁρέοντες
677 3124 706 3179 δὲ
719 3122 783 3182 τούς
803 3123 928 3183 πολλοὺς

126 3217 182 3272 τῶν
198 3211 357 3292 συμμάχων
374 3209 564 3288 προδιδόντας,
579 3207 629 3266 οὐκ
649 3207 780 3264 ἐδικαίευν
798 3203 929 3280 γενέσθαι

126 3304 204 3360 τοῖσι
220 3303 332 3358 κακοῖσι
346 3299 436 3358 αὐτῶν
450 3297 553 3372 ὁμοῖοι·
574 3293 652 3351 ἀλλά
664 3289 723 3364 μετ’
738 3287 839 3362 ὀλίγων
858 3309 928 3357 συμ-
