2250 3552
171 126 218 174 ιιι
486 127 668 192 ὀκοοοοον
905 128 970 194 [IX.

170 203 223 281 τὴν
239 201 370 280 Ἀττικήν
391 203 445 264 σύν
466 208 591 281 στρατοῦ
612 205 723 282 πλήθεΐ,
748 207 793 266 καὶ
814 206 972 268 ἀνίστασαν

168 291 234 356 τούς
253 291 364 369 δήμους,
380 293 429 352 ούκ
451 291 553 356 εἰδότες
575 294 619 353 ἵνα
639 293 798 364 ὑπεξέκειτο
818 295 837 371 ἡ
860 295 971 373 Ἑλένη,

168 379 232 442 τότε
254 381 372 460 λέγουσι
393 379 457 444 τούς
479 381 625 452 Δεκελέας,
645 385 671 441 οἱ
693 381 722 442 δὲ
743 383 826 444 αύτδν
847 385 974 444 Δέκελον

168 467 325 548 ἀχθόμενόν
342 495 374 528 τε
389 472 425 548 τῇ
443 469 553 544 Θησέος
566 469 641 547 ὕβρι,
658 471 705 529 καὶ
718 471 894 548 δειμαίνοντα
907 473 973 550 περὶ

168 556 248 636 πόση
261 560 297 636 τῇ
309 555 463 633 Ἀθηναίων
476 557 562 636 χώρη,
578 557 787 638 ἐξηγησάμενόν
801 565 857 635 σφι
870 559 903 620 τό
915 565 973 622 πᾶν

170 648 295 726 πρῆγμα,
317 645 534 725 κατηγήσασθαι
558 647 604 705 ἐπὶ
623 646 673 710 τὰς
692 645 834 722 Ἀφίδνας.
863 647 913 711 τάς
937 642 972 725 δή

168 733 293 804 Τιτακός,
313 732 363 793 εἰδν
385 732 536 812 αύτόχθων,
558 734 757 812 καταπροδιδοῖ
775 736 971 816 Τυνδαρίδῃσι·

166 826 243 882 τοῖσι
256 822 286 882 δὲ
300 825 455 882 Δεκελεῦσι
469 827 497 882 έν
512 822 628 906 Σπάρτη
642 821 698 884 άπδ
711 822 811 883 τούτου
824 828 874 883 τοῦ
889 827 971 905 ἔργου

167 910 279 987 ἀτελείη
296 937 327 970 τε
350 910 394 968 καὶ
416 910 548 987 προεδρίη
570 911 705 972 διατελέει
725 917 753 975 ές
772 910 838 972 τόδε
854 912 907 971 οίεὶ
931 914 971 972 ἔτι

167 1003 261 1069 ἐοῦσα,
275 997 345 1058 οὕτω
367 997 439 1058 ὥστε
460 999 505 1056 καὶ
526 1004 553 1062 ές
573 998 622 1058 τόν
639 999 766 1076 πόλεμον
782 998 832 1060 τδν
852 998 971 1078 ὕστερον

166 1091 304 1147 πολλοῖσι
318 1087 393 1146 ἔτεσι
409 1085 514 1146 τούτων
529 1086 679 1168 γενόμενον
691 1085 872 1163 Ἀθηναίοισί
878 1115 909 1148 τε
924 1089 970 1147 καὶ

167 1175 435 1250 Πελοποννησίοισι,
456 1175 624 1252 σινεομένων
645 1174 698 1252 την
721 1174 815 1252 ἄλλην
837 1175 971 1253 Ἀττικήν

120 1262 398 1340 74Λακεδαιμονίων,
416 1263 556 1338 Δεκελέης
577 1263 768 1343 ἀποσχέσθαι.
797 1263 904 1324 Τούτου
919 1264 970 1326 τοῦ

167 1352 256 1428 δήμου
267 1351 317 1412 εὀλν
327 1351 343 1411 ὁ
352 1350 488 1426 Σωφάνης
499 1352 544 1410 καὶ
555 1350 723 1428 α’ριστεύσας
732 1352 797 1412 τότε
806 1351 968 1429 Ἀθηναίων,

168 1440 258 1509 διξούς
273 1438 376 1520 λόγους
392 1442 560 1519 λεγομένους
582 1441 648 1519 ἔχει·
669 1439 718 1500 τόν
735 1443 795 1517 μὲν,
814 1439 849 1503 ὦς
870 1446 899 1499 έκ
919 1448 969 1502 τοῦ

165 1528 306 1604 ζωστῆρος
318 1531 368 1586 τοῦ
383 1525 506 1605 θώρηκος
522 1528 621 1605 ἐφόρεε
639 1529 747 1608 χαλκέη
762 1527 849 1590 ἁλύσι
862 1527 967 1607 δεδεμέ-

165 1641 215 1692 νην
228 1614 350 1696 ἅγκυραν
367 1615 507 1692 σιδηρέην·
524 1616 583 1692 τήν,
604 1615 672 1680 ὅκως
689 1615 824 1676 πελάσειε
842 1617 969 1678 οἶπικνεό·

165 1731 247 1782 μενος
259 1707 335 1764 τοῖσι
353 1706 525 1782 πολεμίοισι,
547 1706 739 1780 βαλλέσκετο,
759 1705 803 1765 ἵνα
824 1704 859 1786 δή
874 1732 923 1782 μιν
942 1710 969 1768 οἱ

88 1795 90 1801 ’
165 1794 296 1870 πολέμιοι
310 1794 488 1856 ἐκπίπτοντες
506 1798 535 1850 ἐκ
552 1798 602 1868 τῆς
617 1792 710 1864 τάξιος
726 1799 912 1870 μετακινῆσαι
927 1796 968 1872 μὴ

164 1881 302 1942 δυναίατο.
331 1883 476 1964 γινομένης
491 1882 520 1940 δὲ
535 1887 627 1962 φυγῆς
640 1887 694 1942 τῶν
709 1882 844 1953 ε’ναντίων,
856 1882 968 1944 δέδοκτο

164 1971 216 2046 την
236 1969 358 2052 ἄγκυραν
378 1968 560 2046 ἀναλαβόντα
582 1969 652 2030 οὕτω
675 1969 789 2030 διώκειν·
818 1968 898 2034 οὗτος
917 1974 969 2048 μὲν

165 2059 234 2118 οὕτω
255 2060 377 2141 λέγεται·
400 2057 415 2118 ὁ
434 2057 457 2118 δ’
477 2059 569 2135 ἔτερος
586 2063 640 2118 τῶν
658 2058 758 2140 λόγων,
776 2062 814 2139 τῷ
832 2058 969 2136 πρότερον
986 2125 989 2132 ,

165 2148 293 2226 λεχθέντι
311 2146 517 2222 ἀμφισβατέων
536 2147 656 2226 λέγεται,
673 2146 707 2210 ὦς
721 2145 762 2206 ἐπ’
777 2145 897 2210 άσπίδος
915 2149 968 2207 αἰεὶ

164 2235 347 2312 περιθεούσης
371 2236 417 2294 καὶ
439 2234 547 2312 ούδαμά
567 2234 768 2312 ἀτρεμιζούσης
790 2235 889 2312 ε’φόρεε
912 2237 968 2294 ε’πί-

164 2349 257 2399 οημον
273 2321 402 2402 ιῖγκυραν,
422 2324 468 2382 καὶ
481 2323 539 2384 ὀύκ
559 2329 589 2382 έκ
605 2329 656 2384 τοῦ
677 2323 800 2401 θάρηκος
823 2324 969 2401 δεδεμένην

116 2417 155 2476 75
165 2410 304 2487 σιδηρέην.
340 2409 426 2470 Ἐστι
447 2411 477 2469 δὲ
500 2413 546 2470 καὶ
568 2413 661 2489 ἕτερον
684 2411 813 2488 Σωφάνεϊ
834 2412 968 2489 λαμπρόν

165 2500 245 2578 ἔργον
269 2499 480 2579 ἐξεργασμένον,
503 2499 547 2560 ὅτι
568 2500 792 2577 περικατημένων
812 2500 968 2576 Ἀθηναίων

164 2588 289 2668 Αἴγιναν,
307 2586 477 2664 Εὐρυβάτην
492 2589 541 2648 τόν
555 2587 683 2670 Ἀργεῖον
697 2588 783 2666 ἄνδρα
797 2587 969 2649 πεντάεθλον

164 2679 194 2734 ε’κ
207 2675 382 2752 προκλήσιος
396 2675 540 2751 ἐφόνευσε.
583 2677 667 2737 ου’τόν
681 2677 710 2736 δὲ
728 2676 865 2752 Σωφάνεα
877 2675 969 2756 χρόνῳ

163 2762 281 2840 ὕστερον
293 2763 397 2824 τούτων
416 2766 565 2841 κατέλαβε,
581 2765 668 2842 ἄνδρα
685 2764 834 2846 γενόμενον
852 2764 968 2846 ἀγαθόν,

163 2850 317 2929 Ἀθηναίων
328 2853 537 2933 στρατηγέοντα
550 2853 609 2930 ἅμα
618 2853 734 2935 Λεάγρῳ
745 2859 782 2932 τφ
793 2854 968 2924 Γλαύκωνος,

163 2939 313 3000 ἀποθανεῖν
326 2940 381 2998 ύπό
391 2939 520 3000 Ἠδωνῶν
534 2946 563 3000 ἓν
577 2941 660 3020 Δάτῳ
673 2942 737 3018 περὶ
750 2946 806 3001 τῶν
819 2940 970 3018 μετάλλων

163 3031 218 3086 τῶν
237 3029 364 3106 χρυσέων
383 3029 570 3106 μαχεόμενον.

116 3115 153 3174 76
204 3114 252 3176 Ὡς
270 3114 299 3172 δὲ
320 3118 396 3174 τοῖσι
410 3113 537 3190 Ἕλλησι
553 3121 583 3176 ἐν
596 3122 762 3195 Πλαταιῇσι
777 3121 969 3193 κατέστρωντο

164 3204 190 3258 οἱ
203 3202 357 3279 βάρβαροι,
371 3201 489 3261 ε’νθαΰτά
503 3209 559 3279 σφι
570 3206 677 3279 ἐπῆλθε
687 3205 757 3283 γυνη
768 3203 935 3280 αὐτόμολος·
951 3204 970 3280 ἢ

164 3289 257 3350 ἐπεδθ
272 3290 357 3366 ἔμαθε
371 3288 556 3352 ἀπολωλότας
569 3291 634 3353 τούς
648 3292 763 3370 Πέρσας
777 3291 824 3351 καὶ
837 3297 971 3356 νικῶντας
