2276 3554
188 123 235 170 140
495 124 678 173 ἨΡΟΔΟΤΟΤ
907 124 984 190 [VII.

187 205 249 262 ἐστι
273 203 408 263 Νίσαιαν·
437 203 501 266 τούς
523 201 561 262 ὧν
581 201 615 278 δή
638 202 739 266 ἵππους
758 201 824 267 τούς
847 204 988 285 μεγάλους

186 291 266 366 φέρει
278 290 311 350 τό
325 289 421 350 πεδίον
433 295 523 350 τοῦτο.
567 289 670 351 ὄπισθε
684 291 714 350 δέ
726 290 830 351 τούτων
845 295 901 364 τῶν
921 292 987 351 δέκα

187 378 278 439 ἵππων
291 377 367 456 ἅρμα
381 379 449 442 Διός
464 378 523 456 ἱρόν
537 381 710 448 ἐπετέτακτο,
723 379 756 440 τό
771 380 851 440 ἵπποι
863 383 915 457 μέν
931 381 986 440 είλ-

187 493 235 527 κον
255 467 350 526 λευκοὶ
370 465 452 527 όκτιό·
474 465 576 528 ὄπισθε
591 467 620 526 δέ
633 471 688 528 τῶν
702 468 793 528 ἵππων
807 469 900 528 εἵπετο
916 470 986 548 πεζη

184 553 304 634 ἡνίοχος,
324 555 455 635 ἐχόμενος
476 559 532 615 τῶν
552 560 683 635 χαλινῶν·
705 555 795 620 οὐδεὶς
811 556 866 638 γάρ
888 557 986 633 δῆἐπὶ

184 647 284 704 τοῦτον
303 643 352 703 τόν
373 643 472 719 θρόνον
492 641 643 721 άνθριόπων
663 642 818 716 άναβαίνει·
839 644 939 705 τούτου
956 645 985 704 δέ

184 730 301 792 ὄπισθεν
322 731 404 795 αὐτός
417 733 522 809 Ξέρξης
543 731 585 790 ἐπ’
599 730 722 810 ἅρματος
744 732 834 792 ἵππων
848 734 984 793 Νισαίων·

184 821 371 897 παραβέβηκε
392 820 423 879 δέ
443 824 469 880 οἶ
482 820 602 899 ἡνίοχος,
617 825 655 899 τῷ
669 819 775 899 οὕνομα
791 820 826 897 ἦν
840 821 985 899 Πατιράμ-

136 910 171 966 41
183 914 247 984 φης,
262 907 383 967 Ὀτάνεω
404 912 469 972 παῖς
490 907 587 986 άνδρός
601 909 728 986 Πέρσεω,
771 908 913 984 Ἑξήλασε
932 913 985 984 μέν

184 995 254 1056 οὕτω
276 1003 305 1057 ἐκ
330 998 452 1074 Σαρδίων
474 998 588 1074 Ξέρξης
616 997 833 1074 μετεκβαίνεσκε
854 998 891 1068 δὲ,
916 997 985 1062 ὅκως

181 1111 231 1162 μιν
252 1085 338 1165 λόγος
363 1087 457 1162 αἱρέοι,
483 1091 512 1146 ἐκ
536 1089 585 1145 τοῦ
610 1085 732 1163 ἅρματος
756 1091 784 1148 ἐς
806 1085 983 1163 ἁρμάμαξαν.

183 1172 267 1234 αότοΰ
289 1175 318 1234 δέ
338 1174 456 1235 ὄπισθεν
474 1173 654 1253 αἰχμοφόροι,
671 1175 803 1252 Περσέων
825 1177 850 1232 οἱ
872 1173 987 1251 άριστοί

182 1289 213 1322 τε
227 1265 272 1322 καὶ
284 1263 482 1345 γενναιότατοι,
497 1264 594 1342 χίλιοι,
610 1262 680 1322 κατά
703 1263 788 1340 νόμον
809 1263 858 1326 τάς
876 1263 984 1344 λόγχας

183 1353 300 1430 ἔχοντες·
324 1351 395 1428 μετά
420 1351 456 1421 δέ,
482 1352 566 1414 ἵππος
590 1350 667 1427 άλλη
691 1352 772 1430 χιλίη
796 1357 825 1411 ἐκ
850 1353 983 1428 Περσέων

182 1439 403 1522 άπολελεγμένη·
424 1440 495 1516 μετά
516 1440 546 1498 δὲ
566 1439 618 1516 τήν
640 1440 734 1509 ἵππον,
750 1445 779 1498 ἐκ
801 1443 855 1500 τῶν
876 1445 983 1501 λοιπῶν

183 1529 316 1605 Περσέων
339 1527 561 1609 άπολελεγμένοι
584 1527 686 1604 μύριοι.
730 1525 809 1591 οὗτος
836 1527 917 1598 πεζός
938 1528 982 1604 ἦν·

184 1617 229 1674 καὶ
250 1616 353 1676 τούτων
373 1617 462 1695 χίλιοι
482 1619 534 1693 μέν
556 1617 600 1674 ἐπὶ
624 1621 700 1676 τοῖσι
725 1615 825 1694 δόρασι
846 1615 907 1675 άντὶ
928 1621 983 1677 τοῖν

183 1705 366 1782 σαυρωτήρων
387 1703 464 1782 ῥοιάς
488 1704 563 1782 εἶχον
590 1706 721 1783 χρυσέας,
743 1705 789 1764 καὶ
810 1706 891 1781 πέριξ
917 1731 981 1765 συν-

973 473 986 488 Α

183 1792 294 1870 εκλήῖον
313 1794 377 1856 τούς
391 1791 505 1856 ἅλλους·
528 1795 554 1851 οἶ
569 1793 598 1852 δὲ
611 1794 807 1872 εἰνακισχιλιοι
828 1793 904 1854 ἐντός
920 1793 981 1853 τοό-

181 1908 236 1942 των
250 1881 339 1946 ἐόντες
352 1881 486 1962 άργυρέας
498 1881 575 1958 ῥοιοῖς
589 1881 673 1961 εἶχον.
717 1879 804 1961 (εἶχον
818 1881 847 1939 δέ
860 1882 981 1960 χρυσέας

181 1970 259 2048 ῥοιάς
273 1972 318 2029 καὶ
332 1973 358 2030 οἱ
372 1974 409 2033 είς
422 1970 473 2046 την
491 1973 545 2050 γῆν
566 1971 712 2046 τρέποντες
732 1968 781 2031 τάς
801 1968 917 2049 λόγχας,
936 1971 981 2028 καὶ

181 2063 260 2135 μῆλα
280 2062 306 2118 οἱ
319 2058 443 2139 άγχιστα
462 2058 591 2134 ἑπόμενοι
605 2059 716 2137 Ξέρξη.)
757 2060 834 2116 τοῖσι
854 2056 884 2115 δέ
903 2058 981 2134 μυρί-

183 2174 241 2207 οισι
264 2149 428 2207 ἐπετέτακτο
451 2148 535 2210 ἵππος
559 2147 693 2221 Περσέων
719 2147 813 2223 μυρίη.
854 2145 925 2221 μετά
952 2146 981 2204 δέ

181 2236 232 2311 την
252 2237 337 2295 ἵππον
358 2235 479 2294 διέλειπε
499 2232 610 2293 καὶδύο
631 2234 769 2304 σταδίους,
785 2233 830 2292 καὶ
852 2234 945 2292 ἔπειτα
966 2234 981 2293 ὁ

180 2323 280 2387 λοιπός
300 2323 398 2401 ὅμιλος
418 2323 461 2398 ἦῖε
482 2323 592 2400 ἀναμίξ.

133 2416 171 2472 42
221 2411 362 2472 Ἐποιέετο
384 2412 413 2471 δὲ
434 2411 485 2488 τὴν
504 2411 568 2470 ὁδόν
587 2415 616 2469 ἐκ
633 2414 683 2486 τῆς
703 2409 806 2484 Λυδίης
827 2407 981 2485 όστρατὸς

181 2501 229 2560 ἐπί
244 2527 275 2559 τε
293 2501 419 2577 ποταμόν
440 2499 547 2559 Κόϊκον
568 2500 614 2557 καὶ
631 2501 685 2580 γῆν
704 2497 757 2573 τὴν
777 2497 902 2572 Μυσίην·
923 2495 981 2557 άπό

181 2589 210 2648 δὲ
224 2589 331 2648 Καΐκου
346 2587 527 2666 όρμειόμενος,
542 2587 636 2663 Κάνης
657 2585 721 2662 ὅρος
735 2586 804 2665 έχων
825 2589 854 2645 ἐν
870 2583 981 2661 α’ριστε·

179 2682 223 2757 ρῇ,
246 2676 292 2736 διά
313 2681 363 2736 τοῦ
383 2676 531 2754 Ἀταρνέος
555 2681 582 2738 ἐς
605 2675 729 2752 Καρίνην
751 2674 844 2734 πόλιν·
872 2672 928 2732 άπό
951 2673 981 2732 δέ

180 2765 280 2842 ταύτης
299 2765 344 2825 διά
360 2764 459 2841 Θήβης
476 2764 572 2823 πεδίου
594 2763 748 2839 ἐπορεύετο,
766 2761 982 2839 Ἀτραμόττειόν

179 2881 209 2914 τε
230 2853 315 2914 πόλιν
334 2854 380 2912 καὶ
393 2851 563 2929 Ἀντανδρον
584 2852 635 2927 τὴν
658 2851 826 2931 Πελασγίδα
846 2875 982 2926 παραμει-

180 2941 312 3019 βόμενος·
333 2941 384 3017 την
393 2941 470 3016 Ἴδην
484 2940 513 2999 δέ
526 2941 626 3016 λαβὼν
643 2945 669 3002 ές
684 2938 833 3016 άριστερήν
847 2938 924 3016 χέρα,
938 2936 983 3013 ἦῖε

182 3034 209 3093 ἐς
221 3029 273 3106 τὴν
285 3028 393 3088 Ἰλιάδα
413 3032 477 3109 γῆν.
519 3029 565 3086 καὶ
579 3032 676 3106 πρῶτα
689 3029 741 3104 μέν
756 3031 782 3086 οἱ
796 3025 850 3086 find
868 3028 903 3104 τῇ
919 3025 983 3104 Ἴδη

181 3118 266 3178 νύκτα
282 3116 458 3194 άναμείναντι
473 3117 595 3193 βρονταί
609 3142 639 3176 τε
656 3117 702 3174 καὶ
715 3119 875 3193 πρηστῆρες
889 3119 982 3174 ἐπεισ-

181 3207 325 3275 πίπτουσι,
353 3206 400 3264 καί
432 3231 495 3264 τινα
522 3203 605 3264 αὐτοῦ
632 3204 719 3284 ταύτῃ
748 3202 854 3284 συχνόν
881 3201 983 3280 όμιλον

132 3299 169 3354 43
184 3293 350 3370 διέφθειραν.
392 3292 577 3369 Ἀπικομένου
599 3293 629 3352 δέ
649 3295 699 3352 τοῦ
721 3295 844 3371 στρατοῦ
868 3292 914 3350 ἐπὶ
933 3290 984 3351 τάν
