2258 3568
571 9 637 72 12.

190 127 221 172 ιο
501 123 681 172 Ἡνοιουου
826 118 845 182 ·,
925 126 986 190 [vl.

190 202 327 278 διπλήσια
349 203 481 279 νέμοντας
503 203 621 281 ἐκατέρῳ
642 201 677 261 τά
698 201 791 262 πάντα
809 199 826 277 ή
845 208 922 263 τοῖσι
941 205 989 265 ἅλ-

188 293 268 350 λοισι
282 290 467 366 δαιτυμόνεσι·
483 291 529 349 καὶ
543 289 733 369 σπονδαρχίας
748 289 817 350 εἶναι
830 291 935 352 τούτων
945 296 990 354 καὶ

188 383 243 439 τῶν
261 379 395 438 τυθέντων
415 378 567 456 προβάτων
588 378 624 438 τά
642 379 774 455 δέρματα·
796 381 943 456 νεομηνίας
961 383 991 442 δὲ

188 465 242 527 όνά
262 466 356 530 πάσας
377 467 422 525 καὶ
445 466 568 543 ἑβδόμας
591 467 741 544 ἱσταμένου
762 470 813 526 τοῦ
834 467 929 544 μηνός,
953 470 990 529 δί-

189 555 290 616 δοσθαι
313 561 342 615 ἐκ
362 558 412 615 τοῦ
435 555 571 631 δημοσίου
591 555 680 632 ίρήῖον
697 555 806 614 τέλειον
824 557 942 636 ἐκατέρῳ
964 564 991 622 ἐς

188 643 377 714 Ἀπόλλωνος,
389 644 435 703 καὶ
447 644 581 721 μέδιμνον
594 642 728 719 άλφίτων,
745 644 790 702 καὶ
805 645 881 703 οἴνου
894 646 990 724 τετάρ-

188 757 239 808 την
255 732 425 810 Λακωνικήν·
447 733 492 790 καὶ
509 737 538 791 ἐν
554 735 630 792 τοῖσι
647 730 738 810 άγῶσι
754 734 827 790 πᾶσι
843 733 991 810 προεδρίας

189 821 355 896 ἐξαιρέτους·
387 822 433 879 καὶ
459 821 619 897 προξείνους
645 819 837 879 ἀποδεικνύναι
862 821 989 881 τούτοισι

188 911 376 984 προσκεῖσθαι
394 909 458 972 τούς
477 907 511 968 ἂν
531 910 651 968 ἐθέλωσι
670 912 725 967 τῶν
745 907 849 968 άστιδν·
871 910 918 968 καὶ
932 917 989 970 Πυ·

189 997 264 1059 θιόυς
277 998 420 1074 αἱρέεσθαι
433 996 481 1056 δύο
496 996 634 1075 ἐκότερον·
651 997 693 1076 (οἱΙ
704 996 733 1055 δέ
742 995 848 1056 Πύθιοί
859 1001 915 1056 εἶσι
929 1000 989 1059 θεο-

188 1085 292 1162 πρόποι
310 1091 337 1149 ἐς
350 1085 490 1160 Δελφούς,
504 1085 661 1161 σιτεόμενοι
681 1083 752 1161 μετά
769 1087 825 1144 τῶν
841 1086 990 1160 βασιλέων

189 1174 224 1233 τά
245 1173 389 1254 δημόσια.)
429 1174 470 1250 μή
485 1175 603 1232 ἐλθοῦσι
622 1173 651 1232 δὲ
671 1176 747 1232 τοῖσι
764 1174 922 1248 βασιλεῦσι
943 1178 989 1235 ἐπὶ

187 1261 221 1322 τά
242 1262 359 1332 δεῖπνον,
375 1261 594 1338 ἀποπέμπεσθαί
610 1267 667 1336 σφι
681 1266 708 1324 ἐς
720 1261 755 1320 τά
770 1261 842 1320 οἰκία
861 1259 989 1338 άλφίτων

188 1375 219 1409 τε
233 1349 281 1408 δύο
295 1351 418 1428 χοίνικας
429 1351 546 1428 ἐκατέρῳ
557 1350 603 1406 καὶ
614 1350 689 1408 οἴνου
700 1348 828 1424 κοτύλην·
851 1357 988 1427 παρεοῦσι

188 1437 218 1496 δὲ
239 1437 374 1512 διπλήσια
396 1437 487 1496 πάντα
508 1437 645 1496 δίδοσθαι·
666 1436 755 1496 τώυτό
780 1437 809 1496 δέ
832 1441 917 1497 τοῦτο
942 1442 987 1500 καὶ

188 1525 257 1603 πρός
279 1525 402 1585 ἰδιωτέων
421 1525 573 1601 κληθέντας
588 1525 633 1584 ἐπὶ
647 1525 757 1584 δεῖπνον
770 1527 917 1602 τιμᾶσθαι·
938 1529 988 1593 τάς

188 1613 218 1672 δέ
230 1614 364 1690 μαντηίας
376 1613 426 1676 τάς
437 1614 584 1695 γινομένας
601 1613 714 1676 τούτους
730 1613 900 1687 φυλάσσειν·
921 1643 987 1676 συν-

189 1702 287 1761 ειδέναι
309 1702 338 1760 δέ
362 1703 407 1760 καὶ
430 1701 494 1765 τούς
518 1701 650 1764 Πυθίους·
675 1701 792 1772 δικάζειν
816 1701 846 1760 δέ
869 1703 987 1778 μούνους

189 1790 252 1852 τούς
265 1789 406 1864 βασιλέας
423 1788 526 1848 τοσάδε
546 1793 644 1865 μοῦνα·
666 1789 826 1868 πατρούχου
840 1816 871 1849 τε
884 1793 985 1868 παρθέ-

187 1905 235 1937 νου
253 1878 317 1954 πέρι
339 1883 365 1941 ἐς
383 1878 433 1937 τόν
452 1878 569 1936 ἱκνέεται
591 1878 671 1956 ἔχειν,
685 1875 719 1953 ἢν
737 1877 777 1954 μή
794 1903 847 1954 περ
863 1870 879 1938 δ
893 1880 987 1958 πατήρ

187 1966 273 2042 αύτήν
295 1968 429 2046 ἐγγυήσῃ·
451 1966 497 2023 καὶ
520 1964 589 2024 όδῶν
613 1965 768 2042 δημοσιέων
789 1966 862 2043 πέρι·
885 1969 931 2026 καὶ
952 1970 986 2044 ἦν

186 2080 228 2117 τις
241 2053 322 2114 θετόν
339 2054 424 2112 παῖδα
437 2053 583 2113 ποιέεσθαι
597 2054 688 2131 ἐθέλῃ,
702 2055 849 2129 βασιλέων
863 2056 987 2116 ἐναντίον

186 2143 341 2201 ποιέεσθαι·
364 2142 409 2200 καὶ
429 2143 553 2218 παρίζειν
571 2141 744 2217 βουλεύουσι
765 2145 842 2202 τοῖσι
860 2144 985 2222 γέρουσι,

187 2233 265 2289 ἐοῦσι
279 2230 349 2288 δυῶν
362 2229 457 2289 δέουσι
472 2229 629 2307 τριήκοντα·
650 2229 684 2305 ἢν
699 2229 728 2288 δέ
741 2229 781 2306 μή
795 2231 907 2300 ἔλθωσι,
922 2232 987 2296 τούς

185 2317 313 2394 μάλιστά
334 2323 389 2392 σφι
410 2321 464 2377 τῶν
484 2318 621 2398 γερόντων
641 2318 836 2394 προσήκοντας
859 2320 931 2398 ἔχειν
951 2321 987 2380 τά

185 2409 240 2464 τῶν
252 2405 398 2480 βασιλέων
416 2407 507 2486 γέρεα,
522 2405 571 2465 δύο
585 2404 697 2484 ψήφους
710 2407 877 2482 τιθεμένους,
891 2409 987 2484 τρίτην

187 2493 224 2564 δὲ,
238 2492 289 2568 τήν
303 2497 416 2554 ἑωυτῶν.

138 2584 177 2640 68
226 2585 319 2641 Ταῦτα
339 2585 390 2659 μὲν
409 2583 478 2653 ζῶσι
495 2585 572 2641 τοῖσι
588 2584 746 2658 βασιλεῦσι
764 2582 872 2642 δέδοται
888 2588 918 2641 ἐκ
936 2587 987 2643 τοῦ

187 2674 278 2730 κοινοῦ
299 2675 353 2730 τῶν
376 2670 578 2747 Σπαρτιητέων·
603 2669 777 2730 ἀποθανοῦσι
798 2669 920 2734 δὲτάδε·
944 2675 986 2730 ἱπ-

187 2760 250 2822 πέες
271 2760 509 2840 περιαγγέλλουσι
530 2758 562 2817 τό
585 2758 699 2839 γεγονός
724 2757 794 2818 κατά
817 2762 913 2818 πᾶσαν
935 2759 987 2836 τήν

186 2847 356 2922 Λακωνικήν·
378 2846 448 2904 κατά
468 2846 497 2904 δὲ
513 2845 565 2920 τήν
585 2846 669 2905 πόλιν
687 2849 812 2928 γυναῖκες
827 2851 987 2924 περιῐοΰσαι

186 2937 297 3011 λέβητα
311 2935 466 3012 κροτέουσι·
488 2933 572 2993 ἐπεάν
585 2933 622 2993 ὦν
635 2939 718 2994 τοῦτο
734 2936 848 3014 γένηται
865 2939 986 3007 τοιοῦτο,

187 3022 293 3101 ἀνάγκη
313 3023 344 3090 ἐξ
359 3023 445 3096 οἰκίης
463 3021 582 3096 ἑκάστης
600 3023 760 3098 ἐλευθέρους
774 3021 823 3082 δύο
843 3026 987 3100 καταμιαί-

187 3109 293 3176 νεσθαι,
304 3107 390 3184 ἄνδρα
403 3134 433 3165 τε
447 3108 492 3164 καὶ
505 3112 630 3186 γυναῖκα·
651 3108 692 3184 μή
706 3109 846 3185 ποιήσασι
860 3110 889 3169 δέ
901 3115 994 3171 τοῦτο·

187 3195 282 3268 ζημίαι
297 3194 419 3274 μεγάλαι
438 3195 586 3252 ἐπικέαται·
609 3193 693 3270 νόμος
714 3196 744 3254 δέ
761 3201 838 3256 τοῖσι
853 3200 988 3258 Λακεδαι-

186 3281 310 3355 μονίοισι
334 3279 404 3340 κατά
426 3285 480 3338 τῶν
500 3281 648 3354 ,βασιλέων
674 3282 751 3344 τούς·
766 3283 901 3348 θανάτους
925 3289 988 3346 ἐστὶ
