2282 3550
199 146 247 194 ιω
504 145 687 195 Ἧιοιουου
826 161 831 168 =
914 145 992 212 [vn.

146 223 202 280 149
213 228 269 297 σφι
285 223 414 301 άποχρᾶν
431 224 501 282 κατὰ
519 223 551 283 τό
566 221 657 300 ἥμισυ
672 223 861 304 ἡγεομένοισι.
902 231 997 286 Ταῦτα

191 311 244 386 μὲν
257 311 375 391 λέγουσι
390 310 442 386 τὴν
456 310 569 387 βουλὴν
584 310 797 388 θποκρίνασθαι,
812 313 910 390 καίπερ
925 313 997 372 ἅπα-

191 397 355 478 γορεόοντός
374 404 430 474 σφι
450 403 500 458 τοῦ
521 401 695 478 χρηστηρίου
715 399 755 476 μὴ
777 401 923 460 ποιέεσθαι
944 401 997 476 τὴν

192 485 263 562 πρός
285 484 349 549 τούς
363 485 507 562 Ἕλληνας
530 487 706 565 συμμαχίην,
725 487 852 563 σπουδὴν
872 487 902 546 δὲ
923 489 998 566 ἔχειν

193 573 318 637 σπονδάς
335 574 469 654 γενέσθαι
487 573 725 651 τριηκοντοέτιδας
744 575 842 652 καίπερ
856 575 888 635 τό
906 602 997 654 χρησ-

191 660 289 737 τήριον
306 663 518 738 φοβεομένοισι,
536 662 580 720 ἵνα
601 661 635 737 δὴ
656 669 712 736 σφι
734 665 760 721 οἱ
780 663 875 726 παῖδες
896 663 997 741 άνδρω-

194 750 278 808 θέωσι
306 753 335 809 ἔν
360 749 486 808 τούτοισι
512 752 589 808 τοῖσι
615 751 699 809 ἔτεσι·
731 749 771 826 μὴ
798 751 828 808 δὲ
854 751 997 812 σπονδέων

193 837 319 906 εὀυσέων,
334 837 523 917 ἐπιλέγεσθαι,
538 835 573 913 ἢν
586 836 640 914 ἄρα
657 839 750 911 σφέας
764 837 913 916 καταλάβῃ
926 840 996 916 πρός

191 929 230 1002 τῷ
242 924 370 1006 γεγονότι
387 929 460 1006 κακῷ
478 924 553 984 ἄλλο
570 929 700 1002 πταῖσμα
717 925 788 1000 πρός
804 925 854 985 τόν
870 927 996 1003 Πέρσην,

191 1013 232 1089 μὴ
250 1013 283 1073 τό
302 1013 404 1073 λοιπόν
423 1014 489 1074 έωσι
506 1013 730 1089 Λακεδαιμονίων
746 1012 874 1089 ὑπήκοοι·
895 1019 951 1073 τοῖν
967 1015 997 1074 δὲ

191 1099 319 1182 α’γγέλων
332 1100 396 1163 τούς
412 1099 469 1161 άπὸ
482 1105 532 1176 τῆς
550 1101 680 1177 Σπάρτης
694 1102 763 1178 πρὸς
779 1101 815 1161 τά
830 1101 950 1178 ῥηθέντα
967 1109 997 1164 ἐκ

193 1193 242 1264 τῆς
259 1191 370 1264 βουλῆς
387 1187 562 1266 άμείψασθαι
577 1189 683 1248 τοῖσδε·
704 1190 768 1265 περὶ
784 1191 836 1265 μὲν
854 1190 998 1250 σπονδέων

193 1277 316 1336 άνοίσειν
331 1282 358 1339 ές
373 1278 437 1340 τούς
451 1281 581 1340 πλεῦνας·
603 1277 666 1354 περὶ
680 1277 710 1335 δὲ
723 1276 872 1357 ἡγεμονίης
885 1277 996 1336 αὐτοῖσι

193 1364 355 1424 ἐντετάλθαι
378 1363 589 1440 ὑποκρίνασθαι,
615 1364 661 1422 καὶ
685 1363 719 1440 δὴ
746 1365 848 1446 λέγειν,
869 1365 926 1439 σφὶ
944 1367 998 1441 μὲν

193 1451 261 1510 εἶναι
275 1451 324 1511 δύο
337 1453 486 1528 βασιλέας,
497 1451 652 1533 Ἀργείοισι
666 1452 695 1511 δὲ
709 1453 765 1512 ένα·
784 1451 871 1512 οὔκων
881 1453 997 1516 δυνατόν

147 1561 150 1565 ’
193 1539 262 1598 εἶναι
279 1542 334 1598 τοῖν
350 1543 380 1596 ἔκ
400 1537 530 1616 Σπάρτης
547 1539 690 1617 οὐδέτερον
704 1544 813 1600 παῦσαι
828 1544 877 1615 τῆς
894 1539 997 1621 ἡγεμο-

192 1628 260 1703 νίης·
281 1626 352 1704 μετά
366 1626 395 1685 δὲ
413 1627 462 1686 δύο
475 1632 530 1688 τοῖν
543 1629 688 1705 σφετέρων
701 1627 853 1706 ὁμόψηφον
871 1627 920 1686 τόν
933 1627 997 1706 Ἀρ-

191 1718 268 1796 γεῖον
282 1715 351 1775 εἶναι
365 1714 479 1776 κωλύειν
493 1714 581 1776 οὐδέν.
613 1716 684 1776 οὕτω
697 1715 731 1792 δὴ
746 1718 772 1775 οἱ
785 1715 910 1796 Ἀργεῖοί
922 1723 998 1790 φασι

193 1803 243 1863 οὐκ
263 1804 440 1882 άνασχέσθαι
460 1807 515 1863 τῶν
536 1804 731 1881 Σπαρτιητέων
750 1802 803 1880 τὴν
822 1804 997 1880 πλεονεξίην,

192 1891 257 1951 ἀλλ’
277 1893 393 1952 ἑλέσθαι
409 1896 522 1968 μᾶλλον
539 1891 594 1951 όπό
612 1895 667 1951 τοῖν
684 1891 841 1969 βαρβάρων
857 1889 998 1968 ἄρχεσθαι

193 1978 213 2056 ἡ
225 2007 253 2039 τι
266 1979 376 2050 ὕπεῖξαι
389 1979 645 2056 Λακεδαιμονίοισι·
659 1983 802 2056 προειπεῖν
815 2005 846 2038 τε
858 1983 935 2038 τοῖσι
946 1979 998 2058 dy-

190 2069 304 2149 γέλοισι
325 2068 380 2144 πρό
404 2068 500 2129 δύντος
523 2067 606 2142 ἡλίου
627 2067 871 2127 ἀπαλλάσσεσθαι
893 2072 923 2125 ἐκ
945 2072 999 2143 τῆς

192 2156 325 2237 Ἀργείων
335 2155 436 2235 χώρης·
455 2160 478 2214 εἰ
489 2155 518 2214 δὲ
531 2156 580 2231 μὴ,
592 2155 776 2233 περιέψεσθαι
788 2153 823 2218 ὥς
832 2156 997 2231 πολεμίους.

147 2247 204 2303 150
233 2242 320 2302 Αὐτοὶ
333 2247 385 2319 μὲν
397 2242 520 2323 Ἀργεῖοι
533 2247 659 2302 τοσαῦτα
672 2242 775 2302 τούτων
788 2243 853 2320 πέρι
866 2243 998 2322 λέγουσι.

193 2333 253 2391 ἔστι
274 2331 303 2390 δὲ
323 2330 413 2393 ἄλλος
433 2330 519 2412 λόγος
539 2332 690 2413 λεγόμενος
711 2330 764 2391 α’νά
784 2331 836 2406 τὴν
858 2329 998 2401 Ἑλλάδα,

193 2419 229 2483 οῖς
242 2419 347 2496 Ξέρξης
361 2420 467 2495 έπεμψε
485 2419 590 2495 κήρυκα
604 2425 631 2483 ἐς
643 2419 749 2500 Ἀργος
762 2419 898 2496 πρότερον
911 2417 930 2494 ἦ
944 2445 998 2495 περ

192 2507 318 2584 ὁρμῆσαι
342 2506 546 2582 στρατεύεσθαι
570 2508 615 2566 ἐπὶ
639 2507 691 2583 τὴν
713 2506 849 2566 Ἐλλάδα·
878 2505 999 2565 ε’λθόντα

193 2595 222 2655 δὲ
235 2599 334 2656 τοῦτον
344 2595 457 2676 λέγεται
471 2599 565 2654 εἰπεῖν·
584 2595 702 2672 ’(ἅνδρες
714 2594 846 2675 Ἀργεῖοι,
857 2595 999 2671 βασιλεῦς

192 2685 297 2760 Ξέρξης
319 2683 386 2743 τάδε
406 2682 472 2759 ῧμῖν
493 2682 579 2763 λέγει·
607 2682 686 2759 ἡμεῖς
711 2683 858 2759 νομίζομεν
881 2681 999 2758 Πέρσην

193 2771 270 2841 εἶναι,
288 2770 335 2831 ἀπ’
352 2768 384 2831 οὗ
405 2770 485 2848 ἡμεῖς
505 2770 668 2852 γεγόναμεν,
690 2771 776 2830 παῖδα
799 2769 926 2846 Περσέος
945 2778 999 2830 τοΰ

193 2858 313 2935 Δανάης,
329 2858 465 2940 γεγονότα
485 2863 515 2917 ἐκ
531 2863 581 2934 τῆς
598 2861 714 2934 Κηφέος
731 2857 867 2939 θυγατρός
884 2857 998 2934 Ἀνδρο-

191 2948 285 3023 μέδης·
307 2947 378 3007 οὕτω
395 2944 429 3006 ἂν
447 2946 484 3007 ὧν
504 2947 597 3022 εἴημεν
619 2947 745 3024 ὑμέτεροι
766 2946 911 3026 ἀπόγονοι·
933 2944 999 3006 οὔτε

192 3033 229 3093 ὦν
249 3033 337 3110 ἡμέας
361 3034 435 3096 οἶκός
457 3035 502 3093 ἐπὶ
523 3035 587 3097 τούς
609 3035 759 3111 ἡμετέρους
779 3033 933 3115 προγόνους
954 3039 999 3093 ἐκ·

192 3121 403 3196 στρατεύεσθαι,
417 3120 480 3180 οὔτε
496 3119 582 3196 όμέας
599 3121 716 3181 ἄλλοισι
732 3123 916 3199 τιμωρέοντας
928 3120 1000 3198 ἡμῖν

191 3207 333 3276 ἀντιξόους
345 3208 486 3288 γενέσθαι,
502 3207 578 3267 α’λλό.
592 3209 658 3285 παρ’
671 3209 736 3286 ὑμῖν
750 3209 861 3270 αὐτοῖσι
874 3208 1000 3288 ἡσυχίην

193 3295 306 3370 ἔχοντας
326 3296 474 3368 κατῆσθαι·
496 3295 529 3369 ἢν
547 3299 602 3375 γάρ
619 3298 681 3370 ε’μοὶ
699 3298 812 3378 γένηται
834 3297 904 3356 κατὰ
923 3296 1000 3368 νόον,
