2282 3550
145 166 290 231 αις-αυτ]
455 165 641 216 nomm.
899 167 947 214 ιιι

144 246 236 306 σόντα
250 251 277 309 ἔς
294 245 344 305 τόν
362 245 464 322 ὅμιλον
480 246 678 323 δηαφθαρῆναι·
699 245 905 324 Ἀριστόδημον
917 245 948 306 δέ

146 333 370 413 λειποψυχέοντα
397 335 555 412 λειφθῆναι
599 337 622 393 εἰ
648 335 701 412 μέν
723 360 772 394 νυν
791 332 826 410 ἦν
845 336 949 410 μοῦνον

146 418 353 498 Ἀριστόδημον
363 422 530 504 ἀλγήσαντα
542 421 740 498 ἀπονοστῆσαι
751 427 778 485 ές
788 422 921 498 Σπάρτην
930 420 949 499 ἦ

146 510 193 568 καὶ
212 508 284 587 όμοῦ
302 511 398 586 σφέων
418 510 584 588 ἀμφοτέρων
604 510 657 586 τήν
678 509 793 586 κομιδήν
808 511 956 591 γενέσθαι,Ι

145 597 252 658 δοκέειν
266 600 335 674 ἐμοὶ,
350 597 400 658 οὐκ
413 597 448 660 άν
458 605 514 674 σφι
530 598 707 676 Σπαρτιήτας
721 601 806 674 μῆνιν
820 597 950 675 οὐδεμίαν

144 687 336 763 προσθέσθαι·
370 687 429 748 νυνὶ
449 688 487 756 δὲ,
509 690 558 746 τοῦ
581 690 633 764 μὲν
653 685 743 746 αὐτῶν
763 686 948 764 ἀπολομένου,

144 779 197 834 τοῦ
212 775 241 834 δὲ
254 779 304 851 τῆς
313 779 365 851 μὲν
375 774 461 852 αὐτῆς
474 776 607 857 ἐχομένου
617 775 779 852 προφάσιος
793 774 843 835 οὔκ
855 777 948 852 ε’θελή-

146 889 250 926 σαντος
261 863 290 922 δὲ
301 861 498 939 ἀποθνήσκειν,
509 861 663 944 ἀναγκαίως
677 870 733 939 σφι
747 865 819 942 ἔχειν
832 863 950 940 μηνίσαι

145 950 276 1032 μεγάλως
288 949 492 1032 Ἀριστοδήμῳ.
535 955 572 1011 Οἱ
589 952 642 1028 μέν
657 979 705 1013 νυν
721 952 791 1011 οὕτω
805 952 929 1027 σωθῆναι
939 956 998 1012 230

146 1041 267 1120 λέγουσι
277 1039 483 1117 Ἀριστόδημον
497 1046 524 1104 ές
536 1040 674 1118 Σπάρτην,
688 1041 734 1099 καὶ
748 1041 793 1099 διά
803 1039 950 1116 πρόφασιν

146 1127 266 1202 τοιήνδε·
288 1131 315 1186 οἱ
335 1128 365 1186 δὲ
384 1125 508 1210 άγγελον
529 1129 694 1204 πεμφθέντα
711 1134 741 1187 ἐκ
761 1132 812 1187 τοῦ
833 1153 950 1205 στρατο-

146 1216 241 1289 πέδου,
258 1215 334 1285 ἒξεόν
350 1215 423 1296 αὐτῷ
437 1219 610 1292 καταλαβεῖν
624 1217 676 1291 τήν
688 1216 784 1295 μάχην
793 1217 948 1297 γινομένην,

147 1302 199 1362 οὔκ
220 1305 356 1380 ἐθελῆσαι
377 1303 441 1363 ἀλλ’
460 1304 647 1380 ὑπομείναντα
664 1309 693 1364 ε’ν
712 1307 749 1384 τῇ
768 1303 822 1383 όδῷ
842 1331 949 1387 περιγε-

147 1392 256 1451 νέσθαι·
277 1392 324 1452 τόν
342 1392 372 1450 δὲ
388 1391 564 1472 συνάγγελον
578 1391 665 1452 αὐτοῦ
677 1390 845 1469 α’πικόμενον
859 1399 886 1457 ές
899 1394 950 1471 τὴν

146 1478 243 1558 μάχην
263 1479 423 1540 άποθανεῖν.
463 1479 679 1556 Ἀπονοο-τήσας
699 1481 729 1539 δὲ
749 1485 777 1544 ές
797 1483 929 1541 Λακεδαί-
940 1486 995 1542 231

147 1593 223 1644 μονα
243 1567 260 1627 ό
279 1567 485 1646 Ἀριστόδημος
508 1566 612 1632 ὄνειδός
631 1594 662 1628 τε
684 1568 742 1648 εἶχε
763 1570 809 1628 καὶ
830 1569 949 1647 ἀτιμίην,

147 1654 269 1735 πάσχων
282 1657 312 1715 δὲ
324 1656 418 1716 τοιάδε
431 1655 562 1732 ήτίμιυτο*
587 1655 650 1716 οὔτε
663 1659 690 1717 οἶ
703 1661 759 1734 πῦρ
773 1657 861 1721 οὐδεὶς
874 1660 951 1719 ἔναυε

149 1744 345 1820 Σπαρτιητέων
375 1743 439 1804 οὔτε
472 1744 620 1825 διελέγετο,
655 1744 759 1808 ὄνειδός
785 1772 816 1804 τε
849 1746 907 1826 εἶχε
934 1747 950 1807 ό

147 1832 251 1907 τρέσας
263 1831 466 1910 Ἀριστόδημος
486 1833 663 1912 καλεόμενος·

150 1923 180 1977 ε’ν
207 1925 373 2000 Πλαταιῇσι
399 1921 477 2000 μάχῃ
503 1921 628 1998 ἀνέλαβε
648 1926 745 1981 πᾶσαν
770 1922 823 1998 τήν
844 1928 950 2003 ἐπενεχ-

150 2005 249 2066 θεῖσάν
263 2011 290 2066 οἱ
303 2010 402 2084 αἰτίην.
443 2011 562 2090 Λέγεται
576 2011 605 2069 δὲ
619 2010 664 2068 καὶ
678 2008 768 2070 άλλον
782 2011 930 2088 α’ποπεμφ-
940 2016 999 2073 232

149 2091 235 2156 θέντα
248 2095 371 2178 ἄγγελον
384 2101 412 2159 ές
424 2099 590 2174 Θεσσαλίην
601 2101 658 2160 τῶν
669 2099 837 2174 τριηκοσίων
849 2100 952 2160 τούτων

147 2186 354 2263 περιγενέσθαι,
375 2187 414 2264 τῷ
440 2184 544 2262 οὕνομα
569 2186 638 2246 εἶναι
658 2187 810 2262 Παντίτην·
852 2188 953 2266 νοστή-

148 2301 242 2334 σαντα
263 2277 292 2336 δὲ
311 2280 411 2338 τοῦτον
432 2281 460 2339 ές
483 2275 623 2353 Σπάρτην,
653 2275 689 2338 οἷς
707 2275 838 2352 ἠτίμωτο,
861 2276 949 2360 α’πάγ-

148 2364 264 2433 ξασθαι.

192 2453 230 2510 Οί
250 2451 280 2510 δὲ
300 2450 432 2528 Θηβαῖοι,
453 2455 508 2512 τῶν
528 2451 544 2512 ὁ
565 2451 733 2528 Λεοντιάδης
755 2453 1000 2535 ε’στρατήγεε,233

148 2539 218 2600 τέως
236 2541 287 2615 μὲν
306 2540 452 2616 μετὰτῶν
472 2539 617 2616 Ἑλλήνων
637 2539 727 2604 ε’όντες
747 2541 886 2619 ἐμάχοντο
907 2542 952 2600 ὑπ’

149 2625 302 2707 άναγκαίης
322 2628 451 2708 ἐχόμενοι
474 2627 544 2705 πρός
570 2627 622 2704 τήν
642 2628 781 2704 βασιλέος
809 2627 954 2705 στρατιήν·

150 2713 187 2778 ὦς
200 2715 230 2774 δὲ
244 2714 317 2775 εἶδον
332 2717 519 2794 κατυπέρτερα
534 2720 590 2776 τῶν
611 2718 743 2794 Περσέων
763 2716 896 2798 γινόμενα
915 2717 952 2776 τά

148 2803 311 2884 πρήγματα,
338 2803 409 2866 οὕτω
437 2804 470 2880 δή
497 2809 552 2865 τῶν
581 2804 636 2864 σύν
660 2805 781 2883 Λεωνιδη
808 2803 954 2880 Ἑλλήνων

150 2894 336 2972 ἐπειγομένων
356 2895 402 2952 ε’πὶ
422 2891 472 2953 τόν
495 2891 627 2964 κολωνόν,
649 2891 872 2971 ἀποσχισθέντες
891 2892 953 2953 τοό-

149 3005 213 3050 των,
237 2980 333 3059 χεῖράς
355 3007 386 3042 τε
413 2982 571 3060 προέτεινον
596 2982 642 3041 καὶ
668 2980 754 3057 ἤϊσαν
781 2982 875 3040 ἆσσον
899 2985 955 3044 τῶν

150 3068 316 3146 βαρβάρων,
340 3072 469 3152 λέγοντες
489 3069 539 3130 τόν
563 3070 758 3145 ἀληθέστατον
777 3073 832 3127 τῶν
852 3068 951 3148 λόγων,

152 3155 187 3218 ὦς
208 3157 255 3214 καὶ
275 3157 423 3234 μηδίζουσι
438 3159 484 3215 καὶ
503 3161 558 3236 γῆν
573 3183 604 3216 τε
621 3157 667 3213 καὶ
685 3156 756 3230 ὕδωρ
772 3160 801 3213 έν
818 3154 954 3230 πρώτοισι

150 3243 253 3304 ἔδοσαν
266 3247 395 3318 βασιλέϊ,
409 3244 464 3304 άπό
485 3244 514 3302 δὲ
532 3242 683 3321 άναγκαίης
699 3241 827 3316 ἐχόμενοι
845 3245 872 3301 ἒς
885 3245 954 3314 Θερ-

148 3329 282 3404 μοπύλας
299 3333 455 3402 ἀπικοίατο,
471 3329 517 3388 καὶ
535 3327 653 3386 άναίτιοι
672 3325 725 3384 εἶεν
743 3329 794 3383 τοῦ
811 3323 954 3400 τρώματος
