<?xml version="1.0" encoding="UTF-8"?>
<!DOCTYPE html PUBLIC "-//W3C//DTD XHTML 1.0 Transitional//EN"
    "http://www.w3.org/TR/xhtml1/DTD/xhtml1-transitional.dtd">
<html xmlns="http://www.w3.org/1999/xhtml" xml:lang="en" lang="en">
 <head>
  <title>
</title>
<meta http-equiv="Content-Type" content="text/html;charset=utf-8" />
  <meta name='ocr-system' content='tesseract 3.04.00' />
  <meta name='ocr-capabilities' content='ocr_page ocr_carea ocr_par ocr_line ocrx_word'/>
</head>
<body>
  <div class='ocr_page' id='page_1' title='image "./herodotusrecens00blakgoog_0211.png"; bbox 0 0 2282 3550; ppageno 0'>
   <div class='ocr_carea' id='block_1_1' title="bbox 151 117 1012 3367">
    <p class='ocr_par' dir='ltr' id='par_1_1' title="bbox 151 117 1006 2142">
     <span class='ocr_line' id='line_1_1' title="bbox 152 117 955 208; baseline -0.004 -29"><span class='ocrx_word' id='word_1_1' title='bbox 152 131 297 194; x_wconf 68' lang='grc' dir='ltr'>τοι-2ου]</span> <span class='ocrx_word' id='word_1_2' title='bbox 383 187 396 208; x_wconf 33' lang='lat' dir='ltr'><em>e</em></span> <span class='ocrx_word' id='word_1_3' title='bbox 478 117 663 179; x_wconf 71' lang='grc' dir='ltr'>αοκτυαικ.</span> <span class='ocrx_word' id='word_1_4' title='bbox 906 127 955 176; x_wconf 77' lang='grc' dir='ltr'>ιοα</span> 
     </span>
     <span class='ocr_line' id='line_1_2' title="bbox 151 206 957 291; baseline 0.001 -24"><span class='ocrx_word' id='word_1_5' title='bbox 151 207 292 286; x_wconf 84' lang='grc' dir='ltr'>ἩρακλέιΙ</span> <span class='ocrx_word' id='word_1_6' title='bbox 310 213 444 289; x_wconf 81' lang='grc' dir='ltr'>καιομένῳ</span> <span class='ocrx_word' id='word_1_7' title='bbox 462 210 548 291; x_wconf 85' lang='grc' dir='ltr'>λόγος</span> <span class='ocrx_word' id='word_1_8' title='bbox 563 210 626 268; x_wconf 87' lang='grc' dir='ltr'>έστὶ</span> <span class='ocrx_word' id='word_1_9' title='bbox 644 208 829 282; x_wconf 74' lang='grc' dir='ltr'>ἀναφανῆναι·</span> <span class='ocrx_word' id='word_1_10' title='bbox 850 206 907 268; x_wconf 85' lang='grc' dir='ltr'>α’πό</span> <span class='ocrx_word' id='word_1_11' title='bbox 927 208 957 268; x_wconf 76' lang='grc' dir='ltr'>δέ</span> 
     </span>
     <span class='ocr_line' id='line_1_3' title="bbox 151 294 958 374; baseline 0 -18"><span class='ocrx_word' id='word_1_12' title='bbox 151 297 262 366; x_wconf 82' lang='grc' dir='ltr'>τούτου,</span> <span class='ocrx_word' id='word_1_13' title='bbox 284 297 319 357; x_wconf 87' lang='grc' dir='ltr'>δι’</span> <span class='ocrx_word' id='word_1_14' title='bbox 338 297 434 358; x_wconf 76' lang='grc' dir='ltr'>ἄλλων</span> <span class='ocrx_word' id='word_1_15' title='bbox 457 299 547 358; x_wconf 80' lang='grc' dir='ltr'>εἴκοσι</span> <span class='ocrx_word' id='word_1_16' title='bbox 574 297 701 366; x_wconf 90' lang='grc' dir='ltr'>σταδίων,</span> <span class='ocrx_word' id='word_1_17' title='bbox 723 294 812 359; x_wconf 78' lang='grc' dir='ltr'>ἄλλος</span> <span class='ocrx_word' id='word_1_18' title='bbox 832 297 958 374; x_wconf 86' lang='grc' dir='ltr'>ποταμός</span> 
     </span>
     <span class='ocr_line' id='line_1_4' title="bbox 153 383 1002 466; baseline 0 -23"><span class='ocrx_word' id='word_1_19' title='bbox 153 389 224 456; x_wconf 87' lang='grc' dir='ltr'>ε’στι,</span> <span class='ocrx_word' id='word_1_20' title='bbox 236 385 267 450; x_wconf 80' lang='grc' dir='ltr'>ὃς</span> <span class='ocrx_word' id='word_1_21' title='bbox 281 387 411 446; x_wconf 83' lang='grc' dir='ltr'>καλέεται</span> <span class='ocrx_word' id='word_1_22' title='bbox 426 387 531 450; x_wconf 83' lang='grc' dir='ltr'>Μέλας.</span> <span class='ocrx_word' id='word_1_23' title='bbox 565 386 669 466; x_wconf 77' lang='grc' dir='ltr'>Τρηχὶς</span> <span class='ocrx_word' id='word_1_24' title='bbox 682 385 711 444; x_wconf 82' lang='grc' dir='ltr'>δὲ</span> <span class='ocrx_word' id='word_1_25' title='bbox 724 383 807 448; x_wconf 83' lang='grc' dir='ltr'>πόλις</span> <span class='ocrx_word' id='word_1_26' title='bbox 820 384 876 444; x_wconf 79' lang='grc' dir='ltr'>ἆπδ</span> <span class='ocrx_word' id='word_1_27' title='bbox 886 389 936 444; x_wconf 89' lang='grc' dir='ltr'>τοῦ</span> <span class='ocrx_word' id='word_1_28' title='bbox 948 387 1002 444; x_wconf 78' lang='grc'>199</span> 
     </span>
     <span class='ocr_line' id='line_1_5' title="bbox 153 472 957 552; baseline 0 -20"><span class='ocrx_word' id='word_1_29' title='bbox 153 474 287 538; x_wconf 90' lang='grc' dir='ltr'>Μέλανος</span> <span class='ocrx_word' id='word_1_30' title='bbox 294 473 396 534; x_wconf 88' lang='grc' dir='ltr'>τούτου</span> <span class='ocrx_word' id='word_1_31' title='bbox 405 479 535 552; x_wconf 80' lang='grc' dir='ltr'>ποταμοῦ</span> <span class='ocrx_word' id='word_1_32' title='bbox 545 476 627 535; x_wconf 80' lang='grc' dir='ltr'>πέντε</span> <span class='ocrx_word' id='word_1_33' title='bbox 638 474 739 534; x_wconf 82' lang='grc' dir='ltr'>στάδια</span> <span class='ocrx_word' id='word_1_34' title='bbox 750 472 857 552; x_wconf 75' lang='grc' dir='ltr'>ἀπέχει·</span> <span class='ocrx_word' id='word_1_35' title='bbox 871 474 957 552; x_wconf 81' lang='grc' dir='ltr'>ταύτῃ</span> 
     </span>
     <span class='ocr_line' id='line_1_6' title="bbox 154 561 958 642; baseline 0.001 -21"><span class='ocrx_word' id='word_1_36' title='bbox 154 562 183 621; x_wconf 86' lang='grc' dir='ltr'>δὲ</span> <span class='ocrx_word' id='word_1_37' title='bbox 194 564 241 622; x_wconf 82' lang='grc' dir='ltr'>καὶ</span> <span class='ocrx_word' id='word_1_38' title='bbox 252 561 401 640; x_wconf 83' lang='grc' dir='ltr'>εύρύτατόν</span> <span class='ocrx_word' id='word_1_39' title='bbox 412 569 473 624; x_wconf 80' lang='grc' dir='ltr'>ἐστι</span> <span class='ocrx_word' id='word_1_40' title='bbox 483 563 579 639; x_wconf 83' lang='grc' dir='ltr'>πόσης</span> <span class='ocrx_word' id='word_1_41' title='bbox 591 567 642 639; x_wconf 79' lang='grc' dir='ltr'>τῆς</span> <span class='ocrx_word' id='word_1_42' title='bbox 651 563 742 642; x_wconf 79' lang='grc' dir='ltr'>χώρης</span> <span class='ocrx_word' id='word_1_43' title='bbox 751 561 853 638; x_wconf 83' lang='grc' dir='ltr'>ταύτης</span> <span class='ocrx_word' id='word_1_44' title='bbox 863 567 893 621; x_wconf 84' lang='grc' dir='ltr'>έκ</span> <span class='ocrx_word' id='word_1_45' title='bbox 903 565 958 622; x_wconf 79' lang='grc' dir='ltr'>τῶν</span> 
     </span>
     <span class='ocr_line' id='line_1_7' title="bbox 154 649 957 730; baseline 0.002 -22"><span class='ocrx_word' id='word_1_46' title='bbox 154 649 257 727; x_wconf 86' lang='grc' dir='ltr'>ούρέων</span> <span class='ocrx_word' id='word_1_47' title='bbox 285 656 312 714; x_wconf 81' lang='grc' dir='ltr'>ές</span> <span class='ocrx_word' id='word_1_48' title='bbox 339 651 498 722; x_wconf 80' lang='grc' dir='ltr'>θάλασσαν,</span> <span class='ocrx_word' id='word_1_49' title='bbox 526 651 585 711; x_wconf 85' lang='grc' dir='ltr'>κατ’</span> <span class='ocrx_word' id='word_1_50' title='bbox 605 650 624 711; x_wconf 75' lang='grc' dir='ltr'>ἃ</span> <span class='ocrx_word' id='word_1_51' title='bbox 648 652 751 730; x_wconf 80' lang='grc' dir='ltr'>Τρηχὶς</span> <span class='ocrx_word' id='word_1_52' title='bbox 776 649 957 710; x_wconf 78' lang='grc' dir='ltr'>πεπόλισται·</span> 
     </span>
     <span class='ocr_line' id='line_1_8' title="bbox 154 737 958 821; baseline 0 -25"><span class='ocrx_word' id='word_1_53' title='bbox 154 737 284 818; x_wconf 83' lang='grc' dir='ltr'>δισχίλιά</span> <span class='ocrx_word' id='word_1_54' title='bbox 309 765 339 800; x_wconf 90' lang='grc' dir='ltr'>τε</span> <span class='ocrx_word' id='word_1_55' title='bbox 358 739 415 821; x_wconf 80' lang='grc' dir='ltr'>γαῖρ</span> <span class='ocrx_word' id='word_1_56' title='bbox 437 741 482 798; x_wconf 88' lang='grc' dir='ltr'>καὶ</span> <span class='ocrx_word' id='word_1_57' title='bbox 503 738 636 817; x_wconf 79' lang='grc' dir='ltr'>δισμύρια</span> <span class='ocrx_word' id='word_1_58' title='bbox 659 739 770 816; x_wconf 83' lang='grc' dir='ltr'>πλέθρα</span> <span class='ocrx_word' id='word_1_59' title='bbox 792 741 842 797; x_wconf 89' lang='grc' dir='ltr'>τοῦ</span> <span class='ocrx_word' id='word_1_60' title='bbox 863 739 958 797; x_wconf 85' lang='grc' dir='ltr'>πεδίου</span> 
     </span>
     <span class='ocr_line' id='line_1_9' title="bbox 155 825 958 906; baseline 0.002 -22"><span class='ocrx_word' id='word_1_61' title='bbox 155 828 226 886; x_wconf 90' lang='grc' dir='ltr'>ε’στί·</span> <span class='ocrx_word' id='word_1_62' title='bbox 261 831 312 887; x_wconf 94' lang='grc' dir='ltr'>τοῦ</span> <span class='ocrx_word' id='word_1_63' title='bbox 339 827 369 886; x_wconf 81' lang='grc' dir='ltr'>δὲ</span> <span class='ocrx_word' id='word_1_64' title='bbox 395 827 489 906; x_wconf 78' lang='grc' dir='ltr'>οὔρεος</span> <span class='ocrx_word' id='word_1_65' title='bbox 514 827 548 888; x_wconf 80' lang='grc' dir='ltr'>τῦ</span> <span class='ocrx_word' id='word_1_66' title='bbox 572 827 727 905; x_wconf 76' lang='grc' dir='ltr'>περικληίει</span> <span class='ocrx_word' id='word_1_67' title='bbox 753 825 805 902; x_wconf 81' lang='grc' dir='ltr'>τὴν</span> <span class='ocrx_word' id='word_1_68' title='bbox 830 830 885 906; x_wconf 82' lang='grc' dir='ltr'>γῆν</span> <span class='ocrx_word' id='word_1_69' title='bbox 906 826 958 901; x_wconf 68' lang='grc' dir='ltr'>τήν</span> 
     </span>
     <span class='ocr_line' id='line_1_10' title="bbox 154 915 958 994; baseline 0.007 -23"><span class='ocrx_word' id='word_1_70' title='bbox 154 915 315 994; x_wconf 84' lang='grc' dir='ltr'>Τρηχινίην,</span> <span class='ocrx_word' id='word_1_71' title='bbox 325 917 386 975; x_wconf 82' lang='grc' dir='ltr'>ἔστι</span> <span class='ocrx_word' id='word_1_72' title='bbox 396 916 524 993; x_wconf 71' lang='grc' dir='ltr'>διασφὰξ</span> <span class='ocrx_word' id='word_1_73' title='bbox 536 916 607 992; x_wconf 82' lang='grc' dir='ltr'>πρδς</span> <span class='ocrx_word' id='word_1_74' title='bbox 616 915 800 992; x_wconf 83' lang='grc' dir='ltr'>μεσαμβρίην</span> <span class='ocrx_word' id='word_1_75' title='bbox 813 918 958 993; x_wconf 85' lang='grc' dir='ltr'>Τρηχῖνος·</span> 
     </span>
     <span class='ocr_line' id='line_1_11' title="bbox 155 1001 959 1086; baseline 0 -26"><span class='ocrx_word' id='word_1_76' title='bbox 155 1001 201 1060; x_wconf 77' lang='grc' dir='ltr'>διδ</span> <span class='ocrx_word' id='word_1_77' title='bbox 222 1003 252 1062; x_wconf 80' lang='grc' dir='ltr'>δὲ</span> <span class='ocrx_word' id='word_1_78' title='bbox 272 1008 322 1080; x_wconf 81' lang='grc' dir='ltr'>τῆς</span> <span class='ocrx_word' id='word_1_79' title='bbox 343 1004 503 1086; x_wconf 77' lang='grc' dir='ltr'>διασφάγος</span> <span class='ocrx_word' id='word_1_80' title='bbox 515 1003 645 1067; x_wconf 84' lang='grc' dir='ltr'>Ἀσωπδς</span> <span class='ocrx_word' id='word_1_81' title='bbox 665 1003 792 1080; x_wconf 75' lang='grc' dir='ltr'>ποταμός</span> <span class='ocrx_word' id='word_1_82' title='bbox 807 1003 862 1079; x_wconf 87' lang='grc' dir='ltr'>ῥέει</span> <span class='ocrx_word' id='word_1_83' title='bbox 882 1003 959 1079; x_wconf 73' lang='grc' dir='ltr'>παρα</span> 
     </span>
     <span class='ocr_line' id='line_1_12' title="bbox 155 1089 1006 1171; baseline 0 -21"><span class='ocrx_word' id='word_1_84' title='bbox 155 1089 208 1166; x_wconf 76' lang='grc' dir='ltr'>τήν</span> <span class='ocrx_word' id='word_1_85' title='bbox 228 1091 355 1170; x_wconf 88' lang='grc' dir='ltr'>ῦπωρέην</span> <span class='ocrx_word' id='word_1_86' title='bbox 374 1097 424 1152; x_wconf 90' lang='grc' dir='ltr'>τοῦ</span> <span class='ocrx_word' id='word_1_87' title='bbox 446 1092 551 1171; x_wconf 78' lang='grc' dir='ltr'>οὔρεος.</span> <span class='ocrx_word' id='word_1_88' title='bbox 588 1092 673 1152; x_wconf 78' lang='grc' dir='ltr'>Ἐστι</span> <span class='ocrx_word' id='word_1_89' title='bbox 692 1092 722 1152; x_wconf 80' lang='grc' dir='ltr'>δὲ</span> <span class='ocrx_word' id='word_1_90' title='bbox 738 1091 828 1154; x_wconf 78' lang='grc' dir='ltr'>ἄλλος</span> <span class='ocrx_word' id='word_1_91' title='bbox 844 1091 940 1160; x_wconf 76' lang='grc' dir='ltr'>Φοίνιξ</span> <span class='ocrx_word' id='word_1_92' title='bbox 949 1093 1006 1150; x_wconf 80' lang='grc'>200</span> 
     </span>
     <span class='ocr_line' id='line_1_13' title="bbox 155 1180 958 1262; baseline 0.001 -24"><span class='ocrx_word' id='word_1_93' title='bbox 155 1180 283 1257; x_wconf 75' lang='grc' dir='ltr'>ποταμός</span> <span class='ocrx_word' id='word_1_94' title='bbox 302 1180 334 1240; x_wconf 85' lang='grc' dir='ltr'>ού</span> <span class='ocrx_word' id='word_1_95' title='bbox 349 1183 444 1262; x_wconf 82' lang='grc' dir='ltr'>μέγας,</span> <span class='ocrx_word' id='word_1_96' title='bbox 462 1182 531 1260; x_wconf 82' lang='grc' dir='ltr'>πρδς</span> <span class='ocrx_word' id='word_1_97' title='bbox 550 1183 734 1259; x_wconf 87' lang='grc' dir='ltr'>μεσαμβρίην</span> <span class='ocrx_word' id='word_1_98' title='bbox 751 1185 801 1240; x_wconf 90' lang='grc' dir='ltr'>τοῦ</span> <span class='ocrx_word' id='word_1_99' title='bbox 816 1180 958 1239; x_wconf 84' lang='grc' dir='ltr'>Ἀσωποῦ·</span> 
     </span>
     <span class='ocr_line' id='line_1_14' title="bbox 156 1266 960 1348; baseline 0.002 -23"><span class='ocrx_word' id='word_1_100' title='bbox 156 1266 188 1330; x_wconf 84' lang='grc' dir='ltr'>ῦς</span> <span class='ocrx_word' id='word_1_101' title='bbox 214 1273 244 1327; x_wconf 89' lang='grc' dir='ltr'>ε’κ</span> <span class='ocrx_word' id='word_1_102' title='bbox 271 1273 326 1328; x_wconf 80' lang='grc' dir='ltr'>τῶν</span> <span class='ocrx_word' id='word_1_103' title='bbox 347 1268 448 1346; x_wconf 77' lang='grc' dir='ltr'>οὐρέων</span> <span class='ocrx_word' id='word_1_104' title='bbox 473 1269 577 1330; x_wconf 89' lang='grc' dir='ltr'>τούτων</span> <span class='ocrx_word' id='word_1_105' title='bbox 603 1271 678 1348; x_wconf 85' lang='grc' dir='ltr'>ῥέων,</span> <span class='ocrx_word' id='word_1_106' title='bbox 706 1276 733 1333; x_wconf 85' lang='grc' dir='ltr'>ές</span> <span class='ocrx_word' id='word_1_107' title='bbox 760 1269 809 1328; x_wconf 85' lang='grc' dir='ltr'>τδν</span> <span class='ocrx_word' id='word_1_108' title='bbox 828 1267 960 1328; x_wconf 80' lang='grc' dir='ltr'>Ἀσωπδν</span> 
     </span>
     <span class='ocr_line' id='line_1_15' title="bbox 158 1356 960 1435; baseline 0.004 -21"><span class='ocrx_word' id='word_1_109' title='bbox 158 1356 266 1416; x_wconf 77' lang='grc' dir='ltr'>ἐκδιδοῖ</span> <span class='ocrx_word' id='word_1_110' title='bbox 311 1358 381 1417; x_wconf 73' lang='grc' dir='ltr'>κατὰ</span> <span class='ocrx_word' id='word_1_111' title='bbox 394 1358 424 1418; x_wconf 78' lang='grc' dir='ltr'>δὲ</span> <span class='ocrx_word' id='word_1_112' title='bbox 442 1357 491 1418; x_wconf 82' lang='grc' dir='ltr'>τδν</span> <span class='ocrx_word' id='word_1_113' title='bbox 510 1359 624 1418; x_wconf 85' lang='grc' dir='ltr'>Φοίνικα</span> <span class='ocrx_word' id='word_1_114' title='bbox 640 1357 767 1435; x_wconf 83' lang='grc' dir='ltr'>ποταμὸν</span> <span class='ocrx_word' id='word_1_115' title='bbox 781 1356 960 1417; x_wconf 89' lang='grc' dir='ltr'>στεινότατόν</span> 
     </span>
     <span class='ocr_line' id='line_1_16' title="bbox 158 1444 959 1528; baseline 0.002 -26"><span class='ocrx_word' id='word_1_116' title='bbox 158 1448 230 1504; x_wconf 88' lang='grc' dir='ltr'>ε’στι·</span> <span class='ocrx_word' id='word_1_117' title='bbox 252 1444 386 1522; x_wconf 79' lang='grc' dir='ltr'>ἅμαξιτῦς</span> <span class='ocrx_word' id='word_1_118' title='bbox 398 1446 453 1528; x_wconf 72' lang='grc' dir='ltr'>γὰρ</span> <span class='ocrx_word' id='word_1_119' title='bbox 466 1449 518 1523; x_wconf 87' lang='grc' dir='ltr'>μία</span> <span class='ocrx_word' id='word_1_120' title='bbox 530 1446 620 1523; x_wconf 87' lang='grc' dir='ltr'>μούνη</span> <span class='ocrx_word' id='word_1_121' title='bbox 633 1447 774 1524; x_wconf 88' lang='grc' dir='ltr'>δέδμηται·</span> <span class='ocrx_word' id='word_1_122' title='bbox 796 1445 852 1506; x_wconf 82' lang='grc' dir='ltr'>α’πδ</span> <span class='ocrx_word' id='word_1_123' title='bbox 865 1446 895 1505; x_wconf 82' lang='grc' dir='ltr'>δὲ</span> <span class='ocrx_word' id='word_1_124' title='bbox 909 1450 959 1505; x_wconf 91' lang='grc' dir='ltr'>τοῦ</span> 
     </span>
     <span class='ocr_line' id='line_1_17' title="bbox 158 1534 959 1611; baseline 0 -20"><span class='ocrx_word' id='word_1_125' title='bbox 158 1534 286 1597; x_wconf 87' lang='grc' dir='ltr'>Φοίνικος</span> <span class='ocrx_word' id='word_1_126' title='bbox 301 1539 429 1611; x_wconf 68' lang='grc' dir='ltr'>ποταμοῦ</span> <span class='ocrx_word' id='word_1_127' title='bbox 445 1535 640 1594; x_wconf 87' lang='grc' dir='ltr'>πεντεκαίδεκα</span> <span class='ocrx_word' id='word_1_128' title='bbox 656 1534 757 1594; x_wconf 77' lang='grc' dir='ltr'>στάδιά</span> <span class='ocrx_word' id='word_1_129' title='bbox 774 1539 835 1594; x_wconf 82' lang='grc' dir='ltr'>ε’στι</span> <span class='ocrx_word' id='word_1_130' title='bbox 852 1539 878 1598; x_wconf 81' lang='grc' dir='ltr'>ἒς</span> <span class='ocrx_word' id='word_1_131' title='bbox 892 1535 959 1610; x_wconf 85' lang='grc' dir='ltr'>Θέρ-</span> 
     </span>
     <span class='ocr_line' id='line_1_18' title="bbox 158 1621 960 1702; baseline -0.001 -22"><span class='ocrx_word' id='word_1_132' title='bbox 158 1621 298 1692; x_wconf 86' lang='grc' dir='ltr'>μοπύλας·</span> <span class='ocrx_word' id='word_1_133' title='bbox 311 1670 320 1688; x_wconf 88' lang='grc'><strong>.</strong></span> <span class='ocrx_word' id='word_1_134' title='bbox 333 1626 362 1681; x_wconf 86' lang='grc' dir='ltr'>έν</span> <span class='ocrx_word' id='word_1_135' title='bbox 382 1622 411 1681; x_wconf 84' lang='grc' dir='ltr'>δὲ</span> <span class='ocrx_word' id='word_1_136' title='bbox 430 1626 469 1702; x_wconf 80' lang='grc' dir='ltr'>τῷ</span> <span class='ocrx_word' id='word_1_137' title='bbox 490 1622 596 1699; x_wconf 82' lang='grc' dir='ltr'>μεταξῦ</span> <span class='ocrx_word' id='word_1_138' title='bbox 616 1624 742 1685; x_wconf 85' lang='grc' dir='ltr'>Φοίνικος</span> <span class='ocrx_word' id='word_1_139' title='bbox 765 1625 893 1699; x_wconf 79' lang='grc' dir='ltr'>ποταμοῦ</span> <span class='ocrx_word' id='word_1_140' title='bbox 915 1621 960 1679; x_wconf 87' lang='grc' dir='ltr'>καὶ</span> 
     </span>
     <span class='ocr_line' id='line_1_19' title="bbox 160 1708 960 1790; baseline 0 -23"><span class='ocrx_word' id='word_1_141' title='bbox 160 1711 364 1786; x_wconf 84' lang='grc' dir='ltr'>Θερμοπυλέων</span> <span class='ocrx_word' id='word_1_142' title='bbox 385 1709 463 1787; x_wconf 75' lang='grc' dir='ltr'>κοίμη</span> <span class='ocrx_word' id='word_1_143' title='bbox 486 1711 519 1770; x_wconf 90' lang='grc' dir='ltr'>τέ</span> <span class='ocrx_word' id='word_1_144' title='bbox 544 1716 613 1784; x_wconf 80' lang='grc' dir='ltr'>ἐστι,</span> <span class='ocrx_word' id='word_1_145' title='bbox 641 1715 676 1790; x_wconf 77' lang='grc' dir='ltr'>τῇ</span> <span class='ocrx_word' id='word_1_146' title='bbox 704 1709 809 1788; x_wconf 85' lang='grc' dir='ltr'>οῦνομα</span> <span class='ocrx_word' id='word_1_147' title='bbox 834 1708 960 1786; x_wconf 82' lang='grc' dir='ltr'>Ἀνθήλη</span> 
     </span>
     <span class='ocr_line' id='line_1_20' title="bbox 160 1798 961 1877; baseline 0.001 -22"><span class='ocrx_word' id='word_1_148' title='bbox 160 1802 256 1867; x_wconf 86' lang='grc' dir='ltr'>κεῖται,</span> <span class='ocrx_word' id='word_1_149' title='bbox 267 1798 332 1874; x_wconf 90' lang='grc' dir='ltr'>παρ’</span> <span class='ocrx_word' id='word_1_150' title='bbox 342 1798 378 1874; x_wconf 77' lang='grc' dir='ltr'>ἣν</span> <span class='ocrx_word' id='word_1_151' title='bbox 386 1798 420 1875; x_wconf 78' lang='grc' dir='ltr'>δη</span> <span class='ocrx_word' id='word_1_152' title='bbox 432 1801 594 1877; x_wconf 87' lang='grc' dir='ltr'>παραρρέων</span> <span class='ocrx_word' id='word_1_153' title='bbox 607 1799 623 1859; x_wconf 83' lang='grc' dir='ltr'>ὁ</span> <span class='ocrx_word' id='word_1_154' title='bbox 633 1799 762 1863; x_wconf 76' lang='grc' dir='ltr'>Ἀσωπός</span> <span class='ocrx_word' id='word_1_155' title='bbox 773 1805 800 1862; x_wconf 83' lang='grc' dir='ltr'>ές</span> <span class='ocrx_word' id='word_1_156' title='bbox 809 1799 961 1860; x_wconf 73' lang='grc' dir='ltr'>θάλασσαν</span> 
     </span>
     <span class='ocr_line' id='line_1_21' title="bbox 160 1887 961 1965; baseline 0.002 -21"><span class='ocrx_word' id='word_1_157' title='bbox 160 1887 270 1956; x_wconf 76' lang='grc' dir='ltr'>ἐκδιδοῖ,</span> <span class='ocrx_word' id='word_1_158' title='bbox 292 1887 338 1944; x_wconf 83' lang='grc' dir='ltr'>καὶ</span> <span class='ocrx_word' id='word_1_159' title='bbox 359 1891 450 1965; x_wconf 84' lang='grc' dir='ltr'>χῶρος</span> <span class='ocrx_word' id='word_1_160' title='bbox 470 1889 534 1964; x_wconf 85' lang='grc' dir='ltr'>περὶ</span> <span class='ocrx_word' id='word_1_161' title='bbox 552 1888 638 1964; x_wconf 77' lang='grc' dir='ltr'>αύτήν</span> <span class='ocrx_word' id='word_1_162' title='bbox 657 1887 742 1964; x_wconf 77' lang='grc' dir='ltr'>εύρῦς,</span> <span class='ocrx_word' id='word_1_163' title='bbox 762 1893 790 1947; x_wconf 85' lang='grc' dir='ltr'>έν</span> <span class='ocrx_word' id='word_1_164' title='bbox 808 1891 846 1965; x_wconf 80' lang='grc' dir='ltr'>τῷ</span> <span class='ocrx_word' id='word_1_165' title='bbox 864 1887 961 1962; x_wconf 87' lang='grc' dir='ltr'>Δήμη-</span> 
     </span>
     <span class='ocr_line' id='line_1_22' title="bbox 159 1973 961 2053; baseline 0 -20"><span class='ocrx_word' id='word_1_166' title='bbox 159 1973 224 2052; x_wconf 88' lang='grc' dir='ltr'>τρός</span> <span class='ocrx_word' id='word_1_167' title='bbox 239 2000 270 2033; x_wconf 89' lang='grc' dir='ltr'>τε</span> <span class='ocrx_word' id='word_1_168' title='bbox 289 1974 349 2051; x_wconf 81' lang='grc' dir='ltr'>ῖρδν</span> <span class='ocrx_word' id='word_1_169' title='bbox 366 1975 597 2052; x_wconf 86' lang='grc' dir='ltr'>Ἀμφικτυονίδος</span> <span class='ocrx_word' id='word_1_170' title='bbox 614 1977 728 2053; x_wconf 80' lang='grc' dir='ltr'>ἵδρυται,</span> <span class='ocrx_word' id='word_1_171' title='bbox 748 1977 794 2034; x_wconf 85' lang='grc' dir='ltr'>καὶ</span> <span class='ocrx_word' id='word_1_172' title='bbox 813 1976 888 2052; x_wconf 80' lang='grc' dir='ltr'>ἕδραι</span> <span class='ocrx_word' id='word_1_173' title='bbox 906 1975 961 2034; x_wconf 81' lang='grc' dir='ltr'>εἰσὶ</span> 
     </span>
     <span class='ocr_line' id='line_1_23' title="bbox 159 2062 881 2142; baseline 0 -20"><span class='ocrx_word' id='word_1_174' title='bbox 159 2062 359 2140; x_wconf 85' lang='grc' dir='ltr'>Ἀμφικτοόσι,</span> <span class='ocrx_word' id='word_1_175' title='bbox 374 2065 420 2123; x_wconf 85' lang='grc' dir='ltr'>καὶ</span> <span class='ocrx_word' id='word_1_176' title='bbox 434 2063 519 2123; x_wconf 86' lang='grc' dir='ltr'>αύτοῦ</span> <span class='ocrx_word' id='word_1_177' title='bbox 532 2069 582 2124; x_wconf 90' lang='grc' dir='ltr'>τοῦ</span> <span class='ocrx_word' id='word_1_178' title='bbox 595 2064 799 2142; x_wconf 87' lang='grc' dir='ltr'>Ἀμφικτυόνος</span> <span class='ocrx_word' id='word_1_179' title='bbox 813 2063 881 2141; x_wconf 82' lang='grc' dir='ltr'>ἱρόν.</span> 
     </span>
    </p>

    <p class='ocr_par' dir='ltr' id='par_1_2' title="bbox 160 2151 1006 2936">
     <span class='ocr_line' id='line_1_24' title="bbox 201 2151 1006 2230; baseline 0 -20"><span class='ocrx_word' id='word_1_180' title='bbox 201 2151 342 2214; x_wconf 80' lang='grc' dir='ltr'>Βασιλεύς</span> <span class='ocrx_word' id='word_1_181' title='bbox 362 2154 413 2229; x_wconf 79' lang='grc' dir='ltr'>μὲν</span> <span class='ocrx_word' id='word_1_182' title='bbox 434 2151 468 2228; x_wconf 76' lang='grc' dir='ltr'>δὴ</span> <span class='ocrx_word' id='word_1_183' title='bbox 492 2153 598 2229; x_wconf 80' lang='grc' dir='ltr'>Ξέρξης</span> <span class='ocrx_word' id='word_1_184' title='bbox 624 2152 872 2230; x_wconf 78' lang='grc' dir='ltr'>ἐστρατοπεδεύετο</span> <span class='ocrx_word' id='word_1_185' title='bbox 892 2155 942 2228; x_wconf 81' lang='grc' dir='ltr'>τῆς</span> <span class='ocrx_word' id='word_1_186' title='bbox 951 2154 1006 2211; x_wconf 73' lang='lat'>201</span> 
     </span>
     <span class='ocr_line' id='line_1_25' title="bbox 161 2239 962 2320; baseline 0.001 -22"><span class='ocrx_word' id='word_1_187' title='bbox 161 2239 291 2316; x_wconf 81' lang='grc' dir='ltr'>Μηλίδος</span> <span class='ocrx_word' id='word_1_188' title='bbox 308 2245 337 2298; x_wconf 89' lang='grc' dir='ltr'>έν</span> <span class='ocrx_word' id='word_1_189' title='bbox 352 2245 387 2319; x_wconf 81' lang='grc' dir='ltr'>τῇ</span> <span class='ocrx_word' id='word_1_190' title='bbox 405 2241 549 2320; x_wconf 82' lang='grc' dir='ltr'>Τρηχινίῃ·</span> <span class='ocrx_word' id='word_1_191' title='bbox 571 2241 645 2301; x_wconf 77' lang='grc' dir='ltr'>οἶδὲ</span> <span class='ocrx_word' id='word_1_192' title='bbox 666 2240 699 2316; x_wconf 79' lang='grc' dir='ltr'>δη</span> <span class='ocrx_word' id='word_1_193' title='bbox 715 2240 863 2316; x_wconf 81' lang='grc' dir='ltr'>Ἕλληνες,</span> <span class='ocrx_word' id='word_1_194' title='bbox 882 2246 911 2300; x_wconf 87' lang='grc' dir='ltr'>έν</span> <span class='ocrx_word' id='word_1_195' title='bbox 926 2244 962 2318; x_wconf 73' lang='grc' dir='ltr'>τῇ</span> 
     </span>
     <span class='ocr_line' id='line_1_26' title="bbox 161 2327 963 2408; baseline -0.001 -21"><span class='ocrx_word' id='word_1_196' title='bbox 161 2328 251 2408; x_wconf 82' lang='grc' dir='ltr'>διόδιρ·</span> <span class='ocrx_word' id='word_1_197' title='bbox 281 2328 423 2408; x_wconf 80' lang='grc' dir='ltr'>(καλέεται</span> <span class='ocrx_word' id='word_1_198' title='bbox 444 2329 473 2387; x_wconf 79' lang='grc' dir='ltr'>δὲ</span> <span class='ocrx_word' id='word_1_199' title='bbox 496 2331 513 2390; x_wconf 81' lang='grc' dir='ltr'>ὁ</span> <span class='ocrx_word' id='word_1_200' title='bbox 534 2334 624 2408; x_wconf 74' lang='grc' dir='ltr'>χοῖρος</span> <span class='ocrx_word' id='word_1_201' title='bbox 647 2327 727 2392; x_wconf 79' lang='grc' dir='ltr'>οὗτος</span> <span class='ocrx_word' id='word_1_202' title='bbox 753 2327 807 2388; x_wconf 82' lang='grc' dir='ltr'>ῦπῦ</span> <span class='ocrx_word' id='word_1_203' title='bbox 834 2331 885 2405; x_wconf 77' lang='grc' dir='ltr'>μὲν</span> <span class='ocrx_word' id='word_1_204' title='bbox 907 2330 963 2386; x_wconf 81' lang='grc' dir='ltr'>τῶν</span> 
     </span>
     <span class='ocr_line' id='line_1_27' title="bbox 161 2415 962 2494; baseline 0.001 -20"><span class='ocrx_word' id='word_1_205' title='bbox 161 2416 286 2476; x_wconf 84' lang='grc' dir='ltr'>πλεόνων</span> <span class='ocrx_word' id='word_1_206' title='bbox 313 2415 457 2491; x_wconf 80' lang='grc' dir='ltr'>Ἑλλήνων</span> <span class='ocrx_word' id='word_1_207' title='bbox 484 2417 673 2494; x_wconf 79' lang='grc' dir='ltr'>Θερμοπύλαι,</span> <span class='ocrx_word' id='word_1_208' title='bbox 695 2417 748 2476; x_wconf 84' lang='grc' dir='ltr'>ῦπδ</span> <span class='ocrx_word' id='word_1_209' title='bbox 771 2417 800 2476; x_wconf 78' lang='grc' dir='ltr'>δὲ</span> <span class='ocrx_word' id='word_1_210' title='bbox 827 2421 882 2476; x_wconf 77' lang='grc' dir='ltr'>τοῖν</span> <span class='ocrx_word' id='word_1_211' title='bbox 906 2422 962 2475; x_wconf 85' lang='grc' dir='ltr'>έπι-</span> 
     </span>
     <span class='ocr_line' id='line_1_28' title="bbox 161 2505 960 2585; baseline 0 -21"><span class='ocrx_word' id='word_1_212' title='bbox 161 2506 268 2584; x_wconf 89' lang='grc' dir='ltr'>χωρίων</span> <span class='ocrx_word' id='word_1_213' title='bbox 288 2505 335 2563; x_wconf 85' lang='grc' dir='ltr'>καὶ</span> <span class='ocrx_word' id='word_1_214' title='bbox 361 2506 506 2582; x_wconf 87' lang='grc' dir='ltr'>περιοίκων</span> <span class='ocrx_word' id='word_1_215' title='bbox 533 2505 650 2585; x_wconf 86' lang='grc' dir='ltr'>Πύλαι.)</span> <span class='ocrx_word' id='word_1_216' title='bbox 693 2506 960 2584; x_wconf 77' lang='grc' dir='ltr'>ἐστρατοπεδεύοντο</span> 
     </span>
     <span class='ocr_line' id='line_1_29' title="bbox 160 2592 963 2674; baseline -0.002 -22"><span class='ocrx_word' id='word_1_217' title='bbox 160 2594 212 2668; x_wconf 89' lang='grc' dir='ltr'>μέν</span> <span class='ocrx_word' id='word_1_218' title='bbox 225 2619 274 2653; x_wconf 90' lang='grc' dir='ltr'>νυν</span> <span class='ocrx_word' id='word_1_219' title='bbox 288 2592 412 2670; x_wconf 77' lang='grc' dir='ltr'>ἑκάτεροι</span> <span class='ocrx_word' id='word_1_220' title='bbox 426 2599 454 2653; x_wconf 85' lang='grc' dir='ltr'>έν</span> <span class='ocrx_word' id='word_1_221' title='bbox 466 2593 593 2654; x_wconf 86' lang='grc' dir='ltr'>τούτοισι</span> <span class='ocrx_word' id='word_1_222' title='bbox 606 2599 682 2654; x_wconf 85' lang='grc' dir='ltr'>τοῖσι</span> <span class='ocrx_word' id='word_1_223' title='bbox 695 2596 832 2674; x_wconf 87' lang='grc' dir='ltr'>χωρίοισι·</span> <span class='ocrx_word' id='word_1_224' title='bbox 851 2593 963 2669; x_wconf 82' lang='grc' dir='ltr'>ἐπεκρά-</span> 
     </span>
     <span class='ocr_line' id='line_1_30' title="bbox 161 2679 964 2761; baseline -0.001 -22"><span class='ocrx_word' id='word_1_225' title='bbox 161 2707 205 2740; x_wconf 90' lang='grc' dir='ltr'>τεε</span> <span class='ocrx_word' id='word_1_226' title='bbox 219 2681 249 2740; x_wconf 81' lang='grc' dir='ltr'>δὲ</span> <span class='ocrx_word' id='word_1_227' title='bbox 259 2680 276 2740; x_wconf 80' lang='lat' dir='ltr'>o‘</span> <span class='ocrx_word' id='word_1_228' title='bbox 288 2683 340 2757; x_wconf 78' lang='grc' dir='ltr'>μὲν</span> <span class='ocrx_word' id='word_1_229' title='bbox 351 2685 407 2742; x_wconf 79' lang='grc' dir='ltr'>τῶν</span> <span class='ocrx_word' id='word_1_230' title='bbox 420 2682 490 2758; x_wconf 84' lang='grc' dir='ltr'>πρδς</span> <span class='ocrx_word' id='word_1_231' title='bbox 502 2683 595 2759; x_wconf 81' lang='grc' dir='ltr'>βορῆν</span> <span class='ocrx_word' id='word_1_232' title='bbox 607 2679 709 2760; x_wconf 76' lang='grc' dir='ltr'>ἄνεμον</span> <span class='ocrx_word' id='word_1_233' title='bbox 723 2681 841 2761; x_wconf 82' lang='grc' dir='ltr'>ἐχόντων</span> <span class='ocrx_word' id='word_1_234' title='bbox 855 2679 964 2739; x_wconf 80' lang='grc' dir='ltr'>πόντων</span> 
     </span>
     <span class='ocr_line' id='line_1_31' title="bbox 161 2769 964 2848; baseline -0.002 -21"><span class='ocrx_word' id='word_1_235' title='bbox 161 2769 245 2848; x_wconf 87' lang='grc' dir='ltr'>μέχρι</span> <span class='ocrx_word' id='word_1_236' title='bbox 255 2773 400 2848; x_wconf 86' lang='grc' dir='ltr'>Τρηχῖνος,</span> <span class='ocrx_word' id='word_1_237' title='bbox 412 2773 438 2829; x_wconf 80' lang='grc' dir='ltr'>οἱ</span> <span class='ocrx_word' id='word_1_238' title='bbox 448 2769 478 2829; x_wconf 82' lang='grc' dir='ltr'>δὲ</span> <span class='ocrx_word' id='word_1_239' title='bbox 487 2774 542 2830; x_wconf 83' lang='grc' dir='ltr'>τιῦν</span> <span class='ocrx_word' id='word_1_240' title='bbox 551 2770 623 2848; x_wconf 84' lang='grc' dir='ltr'>πρδς</span> <span class='ocrx_word' id='word_1_241' title='bbox 632 2770 712 2830; x_wconf 93' lang='grc' dir='ltr'>νότον</span> <span class='ocrx_word' id='word_1_242' title='bbox 723 2771 768 2828; x_wconf 84' lang='grc' dir='ltr'>καὶ</span> <span class='ocrx_word' id='word_1_243' title='bbox 781 2769 964 2845; x_wconf 87' lang='grc' dir='ltr'>μεσαμβρίην</span> 
     </span>
     <span class='ocr_line' id='line_1_32' title="bbox 163 2857 737 2936; baseline 0.007 -21"><span class='ocrx_word' id='word_1_244' title='bbox 163 2857 314 2934; x_wconf 84' lang='grc' dir='ltr'>φερόντων,</span> <span class='ocrx_word' id='word_1_245' title='bbox 328 2857 362 2917; x_wconf 81' lang='grc' dir='ltr'>τῦ</span> <span class='ocrx_word' id='word_1_246' title='bbox 376 2859 422 2916; x_wconf 87' lang='grc' dir='ltr'>ε’πὶ</span> <span class='ocrx_word' id='word_1_247' title='bbox 434 2858 536 2933; x_wconf 86' lang='grc' dir='ltr'>ταύτης</span> <span class='ocrx_word' id='word_1_248' title='bbox 549 2864 599 2934; x_wconf 80' lang='grc' dir='ltr'>τῆς</span> <span class='ocrx_word' id='word_1_249' title='bbox 612 2858 737 2936; x_wconf 80' lang='grc' dir='ltr'>η’πείροα</span> 
     </span>
    </p>

    <p class='ocr_par' dir='ltr' id='par_1_3' title="bbox 164 2945 1012 3367">
     <span class='ocr_line' id='line_1_33' title="bbox 196 2945 1012 3022; baseline -0.002 -18"><span class='ocrx_word' id='word_1_250' title='bbox 196 2945 298 3004; x_wconf 85' lang='grc' dir='ltr'>Ἦσαν</span> <span class='ocrx_word' id='word_1_251' title='bbox 324 2945 355 3004; x_wconf 82' lang='grc' dir='ltr'>δὲ</span> <span class='ocrx_word' id='word_1_252' title='bbox 382 2946 438 3006; x_wconf 80' lang='grc' dir='ltr'>οἶδε</span> <span class='ocrx_word' id='word_1_253' title='bbox 465 2946 610 3022; x_wconf 84' lang='grc' dir='ltr'>Ἑλλήνων</span> <span class='ocrx_word' id='word_1_254' title='bbox 635 2950 661 3005; x_wconf 83' lang='grc' dir='ltr'>οἱ</span> <span class='ocrx_word' id='word_1_255' title='bbox 688 2947 872 3022; x_wconf 77' lang='grc' dir='ltr'>ὑπομένοντες</span> <span class='ocrx_word' id='word_1_256' title='bbox 895 2945 1012 3004; x_wconf 78' lang='grc' dir='ltr'>τὸν202</span> 
     </span>
     <span class='ocr_line' id='line_1_34' title="bbox 165 3033 963 3114; baseline -0.001 -22"><span class='ocrx_word' id='word_1_257' title='bbox 165 3036 281 3111; x_wconf 88' lang='grc' dir='ltr'>Πέρσην</span> <span class='ocrx_word' id='word_1_258' title='bbox 302 3039 331 3094; x_wconf 81' lang='grc' dir='ltr'>έν</span> <span class='ocrx_word' id='word_1_259' title='bbox 351 3033 438 3114; x_wconf 84' lang='grc' dir='ltr'>τούτῳ</span> <span class='ocrx_word' id='word_1_260' title='bbox 459 3039 497 3113; x_wconf 79' lang='grc' dir='ltr'>τῷ</span> <span class='ocrx_word' id='word_1_261' title='bbox 516 3035 606 3114; x_wconf 84' lang='grc' dir='ltr'>χοίρῳ·</span> <span class='ocrx_word' id='word_1_262' title='bbox 629 3034 824 3110; x_wconf 82' lang='grc' dir='ltr'>Σπαρτιητέων</span> <span class='ocrx_word' id='word_1_263' title='bbox 842 3059 873 3092; x_wconf 94' lang='grc' dir='ltr'>τε</span> <span class='ocrx_word' id='word_1_264' title='bbox 888 3059 963 3109; x_wconf 89' lang='grc' dir='ltr'>τριη-</span> 
     </span>
     <span class='ocr_line' id='line_1_35' title="bbox 164 3120 965 3200; baseline -0.002 -22"><span class='ocrx_word' id='word_1_265' title='bbox 164 3121 258 3181; x_wconf 89' lang='grc' dir='ltr'>κόσιοι</span> <span class='ocrx_word' id='word_1_266' title='bbox 268 3121 391 3194; x_wconf 74' lang='grc' dir='ltr'>ὁπλῖται,</span> <span class='ocrx_word' id='word_1_267' title='bbox 405 3124 450 3181; x_wconf 85' lang='grc' dir='ltr'>καὶ</span> <span class='ocrx_word' id='word_1_268' title='bbox 463 3125 619 3200; x_wconf 88' lang='grc' dir='ltr'>Τεγεητέων</span> <span class='ocrx_word' id='word_1_269' title='bbox 634 3123 680 3179; x_wconf 85' lang='grc' dir='ltr'>καὶ</span> <span class='ocrx_word' id='word_1_270' title='bbox 694 3120 854 3178; x_wconf 85' lang='grc' dir='ltr'>Μαντινέων</span> <span class='ocrx_word' id='word_1_271' title='bbox 867 3121 965 3196; x_wconf 85' lang='grc' dir='ltr'>χίλιοι,</span> 
     </span>
     <span class='ocr_line' id='line_1_36' title="bbox 164 3204 967 3285; baseline -0.012 -16"><span class='ocrx_word' id='word_1_272' title='bbox 164 3208 280 3283; x_wconf 76' lang='grc' dir='ltr'>ἡμίσεες</span> <span class='ocrx_word' id='word_1_273' title='bbox 298 3210 441 3285; x_wconf 75' lang='grc' dir='ltr'>ἑκατέρων·</span> <span class='ocrx_word' id='word_1_274' title='bbox 469 3211 499 3277; x_wconf 78' lang='grc' dir='ltr'>ἐξ</span> <span class='ocrx_word' id='word_1_275' title='bbox 514 3209 687 3284; x_wconf 85' lang='grc' dir='ltr'>Ὀρχομενοῦ</span> <span class='ocrx_word' id='word_1_276' title='bbox 707 3231 738 3262; x_wconf 87' lang='grc' dir='ltr'>τε</span> <span class='ocrx_word' id='word_1_277' title='bbox 755 3208 805 3277; x_wconf 81' lang='grc' dir='ltr'>τῆς</span> <span class='ocrx_word' id='word_1_278' title='bbox 819 3204 967 3278; x_wconf 87' lang='grc' dir='ltr'>Ἀρκαδίης</span> 
     </span>
     <span class='ocr_line' id='line_1_37' title="bbox 165 3289 965 3367; baseline -0.013 -12"><span class='ocrx_word' id='word_1_279' title='bbox 165 3300 256 3358; x_wconf 81' lang='grc' dir='ltr'>εἰκοσι</span> <span class='ocrx_word' id='word_1_280' title='bbox 266 3297 429 3366; x_wconf 78' lang='grc' dir='ltr'>καῖέκατὸν,</span> <span class='ocrx_word' id='word_1_281' title='bbox 441 3296 487 3354; x_wconf 84' lang='grc' dir='ltr'>καὶ</span> <span class='ocrx_word' id='word_1_282' title='bbox 501 3301 530 3354; x_wconf 83' lang='grc' dir='ltr'>ἐκ</span> <span class='ocrx_word' id='word_1_283' title='bbox 541 3299 591 3366; x_wconf 75' lang='grc' dir='ltr'>τῆς</span> <span class='ocrx_word' id='word_1_284' title='bbox 604 3289 858 3365; x_wconf 81' lang='grc' dir='ltr'>λοιπῆςἈρκαδίης</span> <span class='ocrx_word' id='word_1_285' title='bbox 867 3290 965 3367; x_wconf 87' lang='grc' dir='ltr'>χίλιοι.</span> 
     </span>
    </p>
   </div>
   <div class='ocr_carea' id='block_1_2' title="bbox 0 0 1160 3550">
    <p class='ocr_par' dir='ltr' id='par_1_4' title="bbox 0 0 1160 3550">
     <span class='ocr_line' id='line_1_38' title="bbox 0 0 1160 3550; baseline 0 0"><span class='ocrx_word' id='word_1_286' title='bbox 0 0 1160 3550; x_wconf 95' lang='lat' dir='ltr'> </span> 
     </span>
    </p>
   </div>
  </div>
 </body>
</html>
