2282 3550
168 139 281 202 ⁶1-⁶⁵]'
489 140 641 188 οονινιι.
665 131 667 136 ’
921 140 967 188 243

167 220 267 288 θεοῖσι,
289 218 405 280 αὐτόθεν
425 221 476 296 μὲν
498 225 527 279 ἐκ
550 221 710 296 Σαλαμῖνος
733 219 839 280 Αἴαντά
865 245 895 280 τε
923 220 969 280 καὶ

165 310 320 384 Τελαμῶνα
347 309 541 369 ἐπεκαλέοντο·
576 309 627 368 ἐπί
648 309 678 368 δὲ
706 309 809 368 Αἰακόν
836 309 882 368 καὶ
904 307 969 372 τούς

165 393 271 457 ἄλλους
282 395 414 458 Αἰακιδας
427 399 480 472 νῆα
493 395 672 457 α’πέστελλον
686 401 713 460 ές
726 398 852 477 Αἴγιναν.
889 395 968 473 Ἔφη
977 398 1014 456 65

166 482 195 540 δὲ
213 485 328 546 Δικαῖος
348 483 364 542 ὁ
386 483 543 554 Θεοκύδεος,
563 483 634 562 ἀνήρ
650 484 803 561 Ἀθηναῖος,
825 484 918 565 φυγάς
936 511 968 544 τε

165 571 212 630 καὶ
232 571 310 648 παρὰ
331 571 458 648 Μήδοισι
479 572 598 655 λόγιμος
618 572 766 654 γενόμενος
792 577 892 632 τοῦτον
918 573 969 634 τόν

164 659 275 738 χρόνον·
303 662 414 720 ἐπείτε
435 662 553 736 ἐκείρετο
573 661 592 736 ῆ
612 660 726 737 Ἀττική
746 659 823 740 χύρη
843 659 898 720 ύπό
917 665 968 720 τοῦ

163 748 249 820 πεζοῦ
263 751 386 826 στρατοῦ
400 752 450 808 τοῦ
461 751 577 826 Ξέρξεω,
590 753 678 808 εὀὓσα
692 753 795 827 ε’ρῆμος
804 748 965 824 Ἀθηναίων,

163 840 258 915 τυχεῖν
269 834 334 896 τότε
347 835 398 896 ε’ων
412 835 470 914 ἅμα
484 836 643 917 Δημαρήτῳ
660 840 699 916 τῷ
711 837 920 916 Λακεδαιμονίῳ
939 843 967 896 ἐν

163 928 202 1002 τῷ
215 925 340 1003 Θριασίῳ
353 923 445 1004 πεδίῳ·
469 916 535 985 ἰδεῖν
548 925 577 984 δὲ
592 925 734 1002 κονιορτόν
751 924 892 1003 χωρέοντα
910 923 967 984 α’πὸ

163 1009 333 1082 Ἐλευσῖνος,
349 1011 384 1075 οἷς
397 1011 503 1090 α’νδρῶν
515 1013 644 1090 μάλιστά
658 1040 692 1090 κη
702 1013 881 1090 τρισμυρίων·
898 1011 966 1072 ἆτο-

164 1101 299 1176 θωμιίζειν
311 1101 344 1160 τέ
356 1107 448 1178 σφεας
463 1101 513 1161 τόν
526 1102 677 1178 κονιορτόν,
692 1100 776 1160 ὅτεοίν
790 1125 853 1160 κοτε
867 1101 908 1176 εἴη
922 1100 940 1160 ἆ

163 1188 287 1265 θριύπων,
302 1189 347 1248 καὶ
366 1189 488 1266 πρόκατε
506 1193 600 1265 φωνῆς
618 1188 736 1259 ἀκούειν,
751 1188 797 1247 καὶ
811 1191 837 1247 οἱ
851 1189 966 1264 φαίνεσ-

163 1277 211 1336 θαι
230 1277 283 1354 τῆν
300 1278 395 1354 φωνήν
412 1277 481 1338 εἶναι
499 1276 548 1336 τόν
569 1277 706 1354 μυστικόν
723 1277 831 1355 ἴακχον·
857 1275 926 1337 εἶναι
942 1276 965 1336 δ’

163 1365 308 1443 ἀδαήμονα
320 1369 375 1425 τῶν
390 1369 455 1444 ἱρῶν
466 1369 522 1426 τῶν
535 1371 564 1425 ε’ν
574 1365 716 1426 Ἐλευσῖνι
727 1365 776 1425 τόν
788 1365 965 1443 Δημάρητον,

163 1455 290 1530 εἶρεσθαί
306 1479 337 1514 τε
356 1453 440 1514 αὐτόν
461 1453 476 1514 ὅ
496 1481 524 1514 τι
544 1453 578 1514 τό
597 1454 790 1535 φθεγγόμενον
809 1455 850 1530 εἴη
868 1458 964 1524 τούτω

163 1541 246 1606 αὐτός
260 1543 289 1602 δὲ
303 1546 398 1602 εἰπεῖν·
420 1554 437 1578 “
446 1543 606 1620 Δημάρητε,
622 1541 671 1602 ούκ
689 1544 750 1602 ἔστι
763 1541 832 1606 ὅκως
847 1543 878 1602 ού
892 1544 965 1624 μέγα

162 1657 190 1691 τι
208 1634 285 1696 σίνος
304 1634 384 1692 ἔσται
401 1636 437 1711 τῇ
456 1632 596 1709 βασιλέος
609 1635 738 1710 στρατιῇ·
759 1632 825 1690 τάδε
837 1631 892 1713 γὰρ
907 1632 965 1708 οἷρί-

162 1718 243 1794 δηλα,
259 1719 361 1796 ἐρήμου
372 1720 472 1796 ἐούσης
481 1724 531 1795 τῆς
543 1717 680 1794 Ἀττικῆς,
694 1719 738 1778 ὅτι
751 1721 826 1779 θεῖον
835 1719 868 1779 τό
879 1720 965 1800 φθεγ-

161 1807 281 1884 γόμενον
299 1807 356 1866 ἀπό
371 1807 533 1870 Ἐλευσῖνος
548 1807 590 1867 ἰόν
604 1812 631 1871 ἐς
644 1809 777 1885 τιμωρίην
789 1807 967 1882 Ἀθηναίοισί

161 1921 193 1954 τε
211 1897 257 1954 καὶ
274 1899 351 1956 τοῖσι
369 1895 556 1974 συμμάχοισι·
578 1896 624 1954 καὶ
637 1894 672 1972 ῆν
684 1897 736 1972 μέν
748 1922 781 1976 γε
796 1895 964 1973 κατασκήψῃ

162 1988 189 2046 ἒς
207 1983 259 2060 τῆν
275 1985 505 2061 Πελοπόννησον,
520 1983 643 2048 κίνδυνος
656 1984 729 2064 αύτῷ
742 2010 772 2044 τε
785 1983 965 2059 βασιλέϊκκαὶ

160 2075 197 2150 τῆ
210 2077 374 2152 στρατιῆτῇ
386 2078 414 2132 ἒν
427 2078 462 2151 τῆ
475 2072 579 2152 ἠπείρῳ
593 2075 681 2133 ἔσται·
696 2071 730 2149 ῆν
740 2073 770 2131 δὲ
784 2072 829 2130 ἐπὶ
839 2071 889 2134 τὰς
898 2075 966 2147 νῆας

161 2159 299 2236 τράπηται
308 2159 357 2224 τοῖς
367 2166 396 2220 ἓν
408 2163 556 2238 Σαλαμῖνι,
569 2161 619 2220 τόν
633 2161 761 2220 ναυτικόν
774 2159 897 2238 στρατόν
910 2186 964 2220 κιν-

161 2247 286 2308 δυνεύσει
298 2249 438 2325 βασιλεύς
451 2248 635 2324 ἀποβαλέειν·
656 2247 708 2324 τήν
721 2249 750 2308 δὲ
764 2248 849 2325 ὁρτῆν
862 2248 964 2325 ταύτην

161 2333 263 2416 ἄγουσι
281 2335 424 2413 Ἀθηναῖοι
443 2336 496 2397 dv&
511 2337 603 2396 πάντα
620 2338 681 2396 ἔτεα
697 2341 732 2416 τῆ
751 2339 846 2415 Μητρὶ
861 2339 906 2396 καὶ
925 2342 961 2416 τῇ

163 2424 267 2502 Κούρῃ,
285 2425 332 2484 καὶ
349 2424 440 2508 αὐτῶν
457 2450 488 2484 τε
509 2423 524 2484 ό
540 2425 716 2501 βουλόμενος
733 2426 778 2484 καὶ
795 2430 849 2487 τῶν
869 2426 964 2486 ἄλλων

161 2511 306 2588 Ἑλλήνων
325 2517 444 2590 μυεῖται·
466 2513 512 2572 καὶ
531 2512 583 2589 τῆν
604 2513 707 2589 φωνήν,
730 2518 780 2590 τῆς
800 2513 915 2586 α’κούεις,
934 2520 963 2574 ἐν

161 2599 247 2680 ταύτῃ
274 2603 309 2680 τῆ
337 2600 406 2680 ὁρτῆ
435 2599 624 2680 ἶακχάζουσι·”
659 2602 730 2678 πρός
761 2606 848 2660 ταῦτα
877 2604 962 2660 εἰπεῖν

162 2688 339 2766 Δημάρητον·
362 2699 379 2724 “
388 2689 458 2770 σίγα
475 2715 514 2759 τε,
534 2689 579 2747 καὶ
597 2689 694 2766 μηδενὶ
713 2689 792 2768 ἄλλῳ
808 2687 857 2746 τόν
876 2688 963 2768 λόγον

161 2780 260 2836 τοῦτον
281 2777 370 2856 εἴπης·
398 2775 433 2854 ῆν
448 2776 503 2858 γάρ
521 2801 565 2836 τοι
583 2782 610 2840 ἐς
628 2778 755 2852 βασιλέα
768 2775 914 2854 ἀνενειχθῇ
927 2775 963 2835 τά

162 2864 227 2923 ἔπεα
247 2869 343 2935 ταῦτα,
361 2865 533 2941 ἀποβαλέεις
549 2865 601 2940 τῆν
620 2864 757 2940 κεφαλήν·
783 2863 831 2921 καί
846 2887 881 2921 σε
900 2863 962 2922 ούτε

161 2952 215 3033 ε’γώ
232 2953 388 3030 δυνήσομαι
401 2952 544 3031 ῥύσασθαι
563 2950 620 3012 οὔτ’
634 2951 723 3014 ἄλλος
737 2951 886 3028 ἀνθρώπων
900 2949 962 3012 ούδὲ

162 3040 208 3102 εἶς·
229 3040 294 3100 ἀλλ’
310 3041 349 3120 ἔχ’
362 3040 478 3120 ήσυχος·
500 3041 564 3116 περὶ
577 3040 607 3098 δὲ
621 3042 755 3117 στρατιῆς
770 3038 857 3114 τῆσδε
871 3040 962 3098 θεοῖσι

83 3193 97 3198 ,
160 3129 306 3206 μελήσει·”
327 3129 443 3206 τὸνμὲν
462 3128 599 3202 δήτοῦτο
617 3127 782 3202 παραινέειν·
811 3131 840 3184 ἐκ
861 3126 891 3183 δὲ
911 3129 960 3184 τοῦ

161 3222 304 3295 κονιορτοῦ
326 3218 372 3276 καὶ
392 3221 441 3290 τῆς
463 3217 556 3288 φωνῆς
580 3213 711 3292 γενέσθαι
735 3213 826 3286 νέφος,
849 3212 894 3268 καὶ
914 3235 961 3286 με·

160 3305 314 3382 ταρσιωθὲν
329 3304 467 3380 φέρεσθαι
486 3302 531 3359 ε’πὶ
551 3301 710 3372 Σαλαμῖνος
728 3298 774 3356 ἐπὶ
794 3297 826 3356 τὸ
844 3297 959 3372 στρατό-
