2282 3550
136 104 181 149 254
448 87 630 158 ’τινοιουου
848 85 940 150 [vm.

136 172 246 240 πλοῖον,
267 172 343 228 τοῖσι
364 169 513 227 ἐπίστευσε
534 169 620 248 σιγᾶν
641 170 668 229 ἐς
691 171 788 226 πᾶσαν
807 165 940 242 βάσανον

137 258 360 334 ἀπικνεομένοισι
373 255 409 315 τά
423 255 505 318 αύτός
519 257 674 314 ἐνετείλατο
684 255 806 330 βασιλέϊ
818 255 938 332 φράσαι·

135 363 190 407 τών
204 347 250 404 καὶ
264 346 388 409 Σίκιννος
406 343 422 404 ό
441 345 547 420 οἰκέτης
566 342 642 406 αὖτις
656 344 773 422 ἐγένετο·
796 343 822 402 οἳ
835 345 897 404 ἐπεί
908 372 940 406 τε

137 435 270 493 ἀπίκοντο
291 432 361 509 πρός
380 431 433 508 τήν
452 431 590 507 Ἀττικήν,
610 433 704 507 οἱμὲν
723 432 872 508 κατέμενον
893 435 939 492 ἐπὶ

136 527 174 601 τῷ
193 522 291 600 πλοίῳ,
314 521 439 582 Σίκιννος
459 520 488 579 δέ
509 518 617 595 ἀναβάς
637 519 713 594 παρά
734 519 838 594 Ξέρξεα
860 521 940 602 ἔλεγε

136 610 210 670 τόδε·
233 620 250 644 “
259 609 366 686 ἔπεμψέ
381 633 417 684 με
436 607 645 685 Θεμιστοκλέης
660 605 675 666 ό
689 608 839 677 Νεοκλέος,
854 633 939 686 στρα-

136 697 222 780 τηγός
234 700 286 774 μὲν
297 696 451 771 Ἀθηναίων
465 695 534 772 ἀνήρ
549 695 578 753 δὲ
593 699 647 754 τῶν
661 694 818 773 συμμάχων
830 695 936 755 πόντων

137 785 251 864 ἀριστος
273 786 318 844 καὶ
345 783 519 860 σοφώτατος,
548 781 696 859 φράσοντά
718 809 771 852 τοι,
792 783 836 842 ὅτι
856 791 936 860 Θεμιι

137 877 275 950 στοκλέης
296 873 311 932 ὁ
333 873 489 948 Ἀθηναῖος,
506 872 554 930 σοὶ
574 870 748 947 βουλόμενος
768 870 937 952 ύπουργέειν,

138 954 205 1041 ἔσχε
220 961 284 1024 τούς
300 961 445 1036 Ἕλληνας
464 960 515 1022 τάς
535 963 602 1035 νῆας
621 960 813 1035 βουλομένους
834 959 940 1020 διώκειν

138 1052 184 1110 καὶ
203 1050 253 1114 τάς
281 1055 309 1108 ἐν
332 1047 537 1128 Ἑλλησπόντῳ
560 1047 684 1128 γεφύρας
707 1046 793 1106 λύειν·
822 1048 868 1106 καὶ
892 1053 940 1107 νῦν

138 1138 197 1199 κατ’
230 1137 352 1217 ἡσυχίην
386 1135 498 1210 πολλήν
530 1133 666 1213 κομίζεο.”
709 1137 735 1194 οἱ
768 1137 820 1211 μέν
852 1139 940 1196 ταῦτα

139 1226 312 1304 σημήναντες
326 1224 475 1284 ἀπέπλωον
488 1223 588 1283 ὀπίσω.

95 1318 146 1374 111
201 1317 238 1374 Οἱ
258 1314 288 1373 δὲ
303 1313 450 1388 Ἕλληνες,
469 1312 530 1370 ἐπεί
544 1337 575 1370 τε
594 1318 650 1387 σφι
668 1309 723 1370 ἀπέ
740 1311 785 1380 οξε
803 1311 868 1387 μήτ’
882 1317 939 1372 ἐπι-

139 1403 244 1463 διώκειν
272 1403 311 1461 ἐτι
338 1402 505 1478 προσωτέρω
531 1404 585 1459 τῶν
611 1400 767 1476 βαρβάρων
793 1399 842 1462 τάς
862 1405 938 1476 νῆας,

138 1491 208 1568 μήτε
227 1491 376 1550 ἐπιπλώειν
394 1495 421 1552 ἐς
441 1490 490 1549 τόν
507 1489 723 1563 Ἑλλήσποντον
737 1489 877 1552 λύσοντας
889 1489 940 1550 τόν

138 1578 234 1657 πόρον,
252 1578 303 1654 τήν
313 1577 433 1654 Ἀνδρον
450 1578 631 1654 περικατέατο
650 1577 768 1646 ἐξελέειν
787 1577 939 1641 ἐθέλοντες·

137 1673 243 1745 πρῶτοι
269 1666 325 1748 γὰρ
352 1665 477 1742 Ἄνδριοι
504 1665 658 1740 νησιωτέων
685 1665 840 1740 αἰτηθέντες
869 1665 940 1742 πρός

138 1755 346 1832 Θεμιστοκλέος
359 1753 491 1832 χρήματα
510 1752 558 1811 ούκ
577 1753 687 1812 ἔδοσαν·
709 1752 786 1812 ἀλλά
804 1761 938 1832 προϊσχο-

138 1846 223 1921 μένου
234 1843 441 1920 Θεμιστοκλέος
451 1841 538 1921 λόγον
551 1840 638 1910 τόνδε,
649 1840 684 1903 ὦς
694 1840 787 1916 ἥκοιεν
796 1839 940 1918 Ἀθηναῖοι

138 1934 201 2010 περὶ
216 1931 331 1994 ἑωυτούς
345 1932 453 2008 ἔχοντες
472 1928 520 1988 δύο
537 1928 616 1990 θεούς
631 1928 781 2009 μεγάλους,
797 1929 891 1989 Πειθιύ
908 1957 941 1990 τε

139 2023 184 2079 καὶ
210 2020 386 2100 Ἀναγκαίην,
409 2017 480 2077 οὕτω
507 2017 539 2077 τέ
565 2023 621 2093 σφι
649 2016 735 2093 κόρτα
762 2017 843 2076 δοτέα
870 2017 940 2078 εἶναι

138 2107 277 2186 χρήματα,
291 2106 471 2182 ὑπεκρίναντο
485 2105 555 2182 πρός
567 2110 655 2164 ταῦτα
669 2106 805 2185 λέγοντες,
820 2105 855 2168 ὦς
868 2108 940 2166 κατοὶ

139 2196 226 2275 λόγον
246 2194 320 2269 ἦσαν
337 2193 391 2270 ἄρα
408 2196 436 2250 αἱ
453 2192 569 2268 Ἀθῆναι
590 2192 714 2274 μεγάλαι
733 2219 764 2251 τε
785 2194 830 2250 καὶ
851 2192 940 2253 εύδαί-

138 2309 228 2360 μονες,
243 2283 288 2340 καὶ
310 2282 378 2340 θεῶν
399 2285 529 2359 χρηστῶν
546 2281 638 2357 ήκοιεν
657 2280 696 2339 εὖ·
721 2283 780 2339 ἐπεὶ
797 2281 941 2358 Ἀνδρίους

137 2398 171 2453 γε
180 2371 249 2430 εἶναι
258 2370 407 2450 γεωπείνας
416 2374 443 2432 ἐς
452 2369 487 2428 τά
495 2371 617 2448 μέγιστα
631 2368 789 2444 ἀνήκοντας,
804 2371 849 2427 καὶ
860 2371 940 2434 θεούς

139 2459 187 2520 δύο
201 2459 359 2537 ἀχρήστους
373 2456 423 2516 ούκ
437 2457 574 2517 ἐκλείπειν
588 2459 684 2532 σφέων
697 2457 749 2533 τήν
763 2462 858 2533 νῆσον,
872 2457 940 2517 ἀλλ’

138 2551 192 2609 αἶεὶ
206 2548 397 2626 φιλοχωρέειν,
409 2548 511 2622 Πενίην
524 2573 554 2605 τε
567 2547 611 2605 καὶ
625 2546 806 2626 Ἀμηχανίην·
818 2547 864 2604 καὶ
876 2548 941 2607 τού·

137 2663 192 2697 των
202 2643 256 2697 τῶν
270 2637 339 2696 θεῶν
359 2633 518 2710 ἐπηβόλους
532 2634 626 2697 ἐόντας
639 2633 780 2710 Ἀνδρίους
794 2634 826 2694 ού
839 2634 942 2696 δύσειν

138 2725 279 2804 χρήματα·
308 2723 435 2783 οὐδέκοτε
456 2722 511 2803 γάρ
532 2727 582 2798 τῆς
599 2726 703 2782 ἐωυτῶν
719 2722 869 2799 ἀδυναμίης
887 2724 943 2800 τήν

138 2813 291 2889 Ἀθηναίων
305 2811 419 2887 δύναμιν
433 2809 501 2870 εἶναι
516 2811 636 2887 κρέσσω·
654 2807 732 2870 οὗτοι
745 2814 797 2887 μὲν
807 2809 841 2886 δή
851 2816 943 2872 ταῦτα

138 2900 351 2977 ἀποκρινόμενοι
371 2898 417 2956 καὶ
436 2896 467 2956 ού
489 2898 582 2960 δόντες
598 2898 634 2958 τά
652 2899 792 2976 χρήματα,
811 2904 942 2978 ἐπολιορ-
980 2892 983 2900 1

95 2989 150 3044 112
161 2988 265 3046 κέοντο.
294 2985 504 3061 Θεμιστοκλέης
518 2985 554 3058 δέ,
571 2986 602 3044 ού
615 2987 671 3067 γάρ
683 2988 799 3046 ἐπαύετο
810 2992 941 3048 πλεονεκ-

139 3075 214 3146 τέων,
230 3075 380 3150 ἐσπέμπων
399 3079 426 3135 ἐς
444 3072 494 3134 τὰς
507 3071 597 3137 ἄλλος
610 3074 713 3150 νήσους
727 3076 942 3153 ἀπειλητηρίους

138 3159 248 3239 λόγους,
274 3161 347 3218 αἴτεε
373 3159 506 3236 χρήματα
534 3160 579 3220 διά
605 3166 660 3222 τῶν
687 3163 777 3222 αὐτῶν
803 3163 942 3245 ἀγγέλων,

138 3245 293 3322 χρεόμενος
309 3246 424 3325 λόγοισι
442 3251 519 3306 τοῖσι
538 3249 584 3306 καὶ
607 3250 677 3326 πρὸς
697 3249 838 3328 Ἀνδρίους
859 3253 942 3332 ἐχρή
