2276 3554
145 139 274 204 ιιι-ιιι]
487 125 600 188 nmo.
915 142 946 190 οο

144 221 323 299 ἐλάμβανον·
348 220 385 285 οἷς
404 221 434 280 δέ
454 221 651 298 περιπλέοντες
669 219 720 283 τάς
736 220 840 296 νήσους
859 246 948 298 προσ-

144 311 233 389 έσχον
252 310 299 368 καὶ
313 315 340 373 ἐς
354 309 513 386 Κάρυστον,
532 307 578 389 (οὗ
596 308 651 389 γάρ
673 307 708 384 δή
729 315 786 384 σφι
808 311 834 368 οἱ
855 309 948 387 Καρύ·

143 413 222 458 σ’τιοι
236 397 298 458 ούτε
312 396 435 474 ὁμήρους
449 397 577 457 ἐδίδοσαν
598 396 661 456 οὔτε
682 398 792 472 ἔφασαν
806 397 852 456 ἐπὶ
865 396 949 460 πόλις

143 485 345 567 ἀστυγείτονας
367 485 579 563 στρατεύεσθαι,
601 486 731 566 λέγοντες
750 483 894 562 Ἐρέτριάν
917 511 948 544 τε

144 575 191 633 καὶ
212 574 354 654 Ἀθήνας)
377 575 495 634 ἐνθαῦτα
515 572 631 636 τούτους
652 571 832 650 ἐπολιόρκεόν
853 599 884 632 τε
902 573 948 632 καὶ

142 661 196 738 τῆν
208 667 264 744 γῆν
278 664 374 738 σφέων
388 663 500 739 ἔκειρον,
516 666 543 724 ἐς
563 660 579 720 δ
598 661 644 718 καὶ
665 663 691 719 οἱ
705 659 861 737 Καρύστιοι
877 687 947 737 παρ-

144 750 272 827 έστησαν
286 757 313 814 ἐς
325 756 380 811 τῶν
394 751 529 828 Περσέων
541 748 594 825 τῆν
613 749 735 830 γνιύμην.
775 747 927 826 Ἐρετριέες
938 752 993 809 100

143 838 175 896 δέ
195 839 398 917 πυνθανόμενοι
425 839 477 914 τῆν
501 838 636 915 στρατιῆν
657 837 708 913 τῆν
730 837 876 915 Περσικήν
901 838 946 897 ἐπὶ

143 927 239 1002 σφέας
266 929 465 996 ἐπιπλέουσαν,
491 926 645 1002 ,Ἀθηναίων
677 925 832 1002 ἐδεήθησαν
858 927 947 1002 σφίσι

142 1014 269 1088 βοηθούς
289 1016 431 1096 γενέσθαι·
452 1013 596 1090 Ἀθηναῖοι
611 1014 640 1073 δέ
653 1014 702 1073 ούκ
723 1013 877 1074 α’πείπαντο
895 1013 947 1089 τῆν

144 1103 311 1179 ἐπικουρίην,
326 1103 403 1162 σ’λλά
418 1103 483 1166 τούς
502 1103 744 1180 τετρακισχιλίους
763 1103 947 1180 κληρουχέον-

141 1215 193 1253 τας
206 1195 261 1250 τῶν
277 1193 456 1268 ἱπποβοτέων
469 1191 633 1250 Χαλκιδέων
648 1189 700 1265 τῆν
716 1189 817 1269 χώρην,
832 1188 947 1253 τούτους
992 1223 1000 1230 -

142 1285 200 1354 σφι
222 1279 332 1339 διδοῦσι
352 1279 497 1357 τιμωρούς·
522 1283 577 1338 τῶν
600 1279 629 1338 δέ
652 1277 813 1355 Ἐρετριέων
836 1275 872 1354 ἧν
892 1276 947 1355 άρα

142 1365 224 1427 ούδέν
243 1366 318 1447 ύγιές
338 1367 495 1445 βούλευμα·
517 1366 544 1426 οἳ
565 1367 776 1443 μετεπέμποντο
794 1368 846 1443 μέν
862 1365 945 1442 Ἀθη-

136 1455 245 1525 ναίους,
260 1455 394 1534 ἐφρόνεον
412 1456 442 1515 δέ
457 1457 593 1531 διφασίας
614 1455 695 1518 ἰδέας·
717 1457 744 1514 οἱ
759 1457 811 1531 μὲν
823 1454 878 1536 γάρ
898 1455 945 1514 αύ-

141 1546 198 1602 τιΐιν
217 1544 404 1618 ἐβουλεύοντο
419 1548 542 1603 ἐκλιπεῖν
554 1543 606 1618 τῆν
619 1542 705 1602 πόλιν
719 1547 746 1606 ἐς
759 1543 795 1602 τά
809 1542 880 1620 ἄκρα
893 1548 943 1619 τῆς

141 1631 278 1708 Εὐβοίης,
292 1631 378 1692 ἄλλοι
391 1633 421 1692 δέ
434 1633 523 1692 αὐτῶν
536 1632 592 1691 ἴδια
614 1632 710 1709 κέρδεα
726 1632 946 1709 προσδεκόμενοι

141 1719 220 1796 παρά
232 1723 283 1779 τοῦ
298 1722 416 1797 Πέρσεω
430 1721 570 1789 οἴσεσθαι,
583 1721 739 1797 προδοσίην
753 1720 944 1791 ἐσκευάζοντο·

140 1809 241 1885 μαθων
254 1809 284 1867 δέ
296 1809 401 1869 τούτων
414 1808 530 1886 ἐκάτερα
548 1808 583 1872 ὦς
596 1808 654 1887 εἶχε
667 1810 804 1887 Αἰσχίνης
817 1807 834 1868 ό
848 1807 945 1867 Νόθω-

142 1923 197 1967 νος,
222 1896 274 1957 ἐῶν
296 1901 352 1958 τῶν
372 1897 532 1975 Ἐρετριέων
555 1896 591 1956 τά
614 1901 718 1974 πρῶτα,
744 1896 843 1973 φράζει
868 1899 945 1956 τοῖσι

141 1983 245 2060 ἥκουσι
273 1990 329 2046 τῶν
355 1986 508 2062 Ἀθηναίων
538 1985 630 2046 πάντα
656 1985 692 2044 ταὶ
718 1984 859 2062 παρεόντα
888 1990 945 2059 σφι

141 2073 297 2155 πρήγματα
317 2074 485 2152 προσεδέετό
497 2100 528 2134 τε
541 2073 787 2134 ἅπαλλείσσεσθαί
805 2078 945 2155 σφεαςῦἐς

141 2161 194 2236 τῆν
214 2165 357 2240 σφετέρην
378 2164 422 2223 ἵνα
441 2161 482 2239 μῆ
503 2161 749 2239 προσαπόλωνται·
771 2164 797 2220 οἱ
813 2161 843 2220 δέ
862 2160 945 2238 Ἀθη-

141 2254 215 2309 ναῖοι
228 2254 317 2310 ταῦτα
329 2252 452 2330 Αἰσχίνη
463 2249 713 2327 συμβουλεύσαντι
726 2249 878 2309 πείθονται·
898 2250 944 2309 καὶ

142 2335 220 2397 οἶκτοι
237 2341 290 2415 μὲν
308 2339 455 2415 διαβάντες
475 2343 501 2402 ἒς
518 2337 646 2414 Ὠρωπόν
662 2339 766 2408 ἔσωζον
784 2339 876 2414 σφέας
894 2337 941 2396 αὖ·

142 2424 214 2488 τούς.
259 2430 296 2487 Οἱ
315 2427 343 2486 δέ
360 2429 472 2504 Πέρσαι
487 2427 621 2489 πλέοντες
637 2425 776 2504 κατέσχον
794 2425 844 2490 τὰς
862 2427 924 2489 νέας
935 2429 988 2486 101

141 2517 191 2588 τῆς
203 2514 366 2592 Ἐρετρικῆς
377 2515 470 2595 χώρης
483 2514 554 2574 κατά
567 2512 696 2591 Ταμύνας
710 2514 755 2572 καὶ
765 2515 885 2591 Χοιρέας
898 2516 944 2574 καὶ

142 2604 267 2682 Αίγίλια·
297 2599 485 2683 κατασχόντες
509 2604 538 2662 δέ
561 2607 649 2662 ταῦτα
668 2601 703 2662 τά
724 2603 821 2680 χωρία,
846 2601 944 2661 αὐτίκα

143 2689 244 2753 ἵππους
251 2716 282 2750 τε
296 2691 495 2767 ἐξεβάλλοντο,
505 2691 551 2749 καὶ
561 2689 801 2766 παρεσκευάζοντο
812 2688 848 2752 οἷς
855 2716 944 2766 προσ-

142 2776 286 2854 οισόμενοι
306 2782 383 2839 τοῖσι
402 2779 543 2858 ἐχθροῖσι·
568 2781 594 2837 οἱ
614 2777 643 2837 δέ
662 2777 813 2854 Ἐρετριέες
832 2778 942 2846 ἐπεξελ-

142 2865 214 2926 θεῖν.
227 2867 279 2942 μέν
303 2867 348 2925 καὶ
371 2865 515 2945 μάχεσθαι
539 2865 589 2926 οὐκ
613 2869 754 2926 ἐποιεῦντο
774 2863 896 2940 βουλήν·
918 2865 943 2925 εί

142 2977 194 3015 κως
215 2953 245 3012 δέ
267 2954 468 3029 διαφυλάξαιεν
484 2954 519 3014 τά
537 2955 640 3033 τείχεα,
661 2952 761 3013 τούτου
782 2957 838 3026 σφι
859 2953 941 3029 ἔμελε

140 3040 213 3118 πέρι,
229 3043 291 3101 ἐπεί
301 3067 332 3102 τε
348 3042 424 3101 ε’νίκα
440 3042 480 3119 μῆ
495 3045 619 3102 ἐκλιπεῖν
632 3039 685 3116 τῆν
698 3039 792 3100 πόλιν·
808 3041 941 3116 προσβο-

141 3131 194 3205 λῆς
214 3129 244 3188 δέ
263 3131 409 3210 γινομένης
430 3134 563 3207 καρτερῆς
583 3127 653 3204 πρὸς
665 3128 698 3186 τά
712 3131 811 3203 τεῖχος,
828 3127 943 3186 ἐπιπτον

142 3218 188 3275 ἐπὶ
201 3218 233 3287 ἐξ
244 3217 351 3296 ἡμέρας
364 3219 470 3277 πολλοὶ
483 3220 535 3294 μέν
548 3214 724 3292 ἀμφοτέρων·
740 3215 776 3288 τῆ
790 3211 819 3268 δέ
834 3210 942 3288 ἐβδόμῃ

141 3305 297 3381 Εὔφορβός
316 3331 347 3364 τε
361 3306 377 3366 ὅ
389 3304 566 3382 Ἀλκιμάχου
583 3301 628 3378 καὶ
642 3299 783 3377 Φίλαγρος
796 3297 811 3355 ὁ
826 3297 941 3364 Κυνέου,
