2258 3568
146 115 256 181 «ιι-ιι]
393 105 395 110 ’
446 115 650 166 υιΡνιΧοΡΗ.
907 113 950 162 οι

144 193 267 275 ταγόρης
281 195 361 276 έλεγε
374 194 445 271 πρδς
458 194 543 255 αύτδν
554 193 631 254 τάδε·
653 204 670 230 “
680 193 847 272 Κλεόμενες,
862 217 951 253 σπου-

145 283 197 360 δήν
208 285 261 360 μὲν
272 282 324 359 τήν
343 287 413 359 ε’μήν
426 282 466 359 μή
481 283 614 362 θωμάσης
627 287 678 359 τῆς
694 283 813 342 ἐνθαῦτα
831 280 950 351 ἀπίξιος

143 371 181 432 τά
207 371 263 453 γάρ
286 371 442 447 κατήκοντά
467 377 530 431 ε’στι
552 375 677 432 τοιαῦτα.
727 369 824 430 Ἰάνων
850 368 951 432 παῖδας

145 460 263 524 δούλους
284 459 353 520 εἶναι
373 457 431 519 ἀντ’
446 460 598 536 ἐλευθέρων
614 458 717 521 ὄνειδος
733 460 779 517 καὶ
797 457 885 539 ἄλγος
902 458 951 535 μέ·

143 573 247 628 γιστον
266 549 318 624 μὲν
339 547 452 608 αύτοῖσι
471 547 548 624 ήμῖν,
570 549 609 608 ἔτι
630 547 659 607 δὲ
679 551 734 607 τῶν
752 551 859 606 λοιπῶν
876 545 949 622 ύμῖν,

144 634 206 715 ὅσῳ
226 638 384 713 προέστατε
404 641 456 712 τῆς
475 636 622 699 Ἑλλάδος.
666 639 715 695 νῦν
731 633 775 706 ὧν,
793 634 863 711 πρδς
879 635 950 694 θεῶν

143 727 201 782 τῶν
226 723 389 800 Ἑλληνίων,
416 723 546 802 ῥύσασθε
575 723 672 787 Ἴωνας
706 728 736 782 ε’κ
770 723 949 798 δουλοσύνης,

144 809 248 889 ἄνδρας
264 812 429 889 ὁμαίμονας.
470 813 605 884 Ιεύπετέως
625 812 655 871 δέ
670 811 736 888 ύμῖν
751 814 839 871 ταῦτα
856 809 902 869 οἶά
917 835 950 869 τε

143 900 260 977 χωρέειν
277 902 348 960 ε’στί·
378 899 442 960 ούτε
459 901 514 981 γάρ
534 905 560 960 οἱ
581 899 728 977 βάρβαροι
749 898 866 977 ἅλκιμοί
885 902 949 968 εἰσι,

144 986 224 1063 ὑμεῖς
239 1013 269 1046 τε
285 988 321 1048 τά
339 993 366 1051 ές
384 987 435 1048 τόν
451 988 578 1065 πόλεμον
594 994 621 1050 ές
640 987 676 1046 τὰ
694 988 816 1067 μέγιστα
835 986 950 1062 ἀνήκετε

144 1074 247 1152 ἀρετῆς
259 1077 332 1154 πέρι·
353 1075 371 1152 ἦ
384 1103 416 1136 τε
428 1076 508 1155 μάχη
522 1075 612 1136 αύτιῖιν
627 1075 689 1135 ε’στὶ
705 1074 806 1150 τοιήδε,
821 1073 890 1144 τόξα
903 1075 949 1132 καὶ

144 1163 235 1242 αἰχμή
256 1166 378 1243 βραχέα·
404 1163 568 1241 α’ναξυρίδας
588 1165 617 1223 δὲ
642 1165 752 1242 ἔχοντες
774 1163 901 1241 ἔρχονται
922 1167 950 1225 ἐς

143 1250 197 1314 τάς
208 1252 301 1331 μάχας
318 1253 364 1311 καὶ
383 1253 541 1330 κυρβασίας
557 1253 603 1312 ε’πὶ
619 1257 687 1330 τῇσι
702 1256 855 1330 κεφαλῇσι·
878 1251 949 1310 οὕτω

145 1339 271 1404 εύπετέες
287 1342 457 1420 χειρωθῆναί
471 1346 536 1400 εἶσι.
578 1343 639 1400 ἔστι
656 1340 685 1399 δὲ
704 1341 750 1398 καὶ
767 1339 860 1421 α’γαθιί
873 1343 949 1399 τοῖσι

144 1427 198 1502 τήν
217 1427 333 1506 ἤπειρον
354 1429 460 1505 ἐκείνην
483 1430 670 1506 νεμομένοισι,
698 1427 755 1488 ὅσα
782 1427 844 1487 οὐδὲ
871 1431 948 1488 τοῖσι

144 1515 291 1576 συνάπασι
312 1516 439 1576 ἄλλοισι·
461 1517 516 1576 α’πδ
533 1521 642 1596 χρυσοῦ
658 1516 848 1594 ἀρξαμένοισι,
866 1515 948 1596 ἄργυ-

143 1630 194 1681 ρος
211 1607 256 1663 καὶ
271 1605 379 1684 χαλκός
399 1607 445 1664 καὶ
464 1605 552 1681 ε’σθής
570 1605 686 1681 ποικίλη
703 1606 749 1663 καὶ
764 1604 901 1686 ὑποζύγιά
918 1630 949 1664 τε

145 1693 192 1752 καὶ
205 1693 375 1770 ἀνδράποδα·
393 1693 429 1752 τά
443 1694 519 1772 θυμῷ
528 1693 701 1770 βουλόμενοι
714 1691 794 1752 αὐτοὶ
804 1691 838 1752 ἂν
848 1695 948 1772 ἔχοιτε.

144 1781 322 1857 κατοίκηνται
343 1783 379 1851 δὲ,
394 1781 528 1856 α’λλήλων
551 1781 686 1860 ἐχόμενοι,
707 1781 742 1844 ιός
763 1781 817 1862 ε’γυλ
836 1781 948 1859 φράσω.

143 1866 244 1929 Ἰάνων
263 1873 314 1946 μὲν
334 1870 420 1930 τῶνδε
441 1870 497 1929 οἵδε
521 1870 616 1940 Λυδοὶ,
641 1870 775 1932 οἰκέοντές
801 1896 832 1928 τε
855 1869 949 1948 χώρην

145 1955 256 2037 ἀγαθήν
279 1959 326 2017 καὶ
350 1958 615 2039 πολυαργυρώτατοι
637 1957 752 2020 ε’όντες·”
787 1957 892 2020 δεικνύς
919 1958 949 2016 δὲ

145 2045 226 2125 ἔλεγε
238 2050 326 2106 ταῦτα
340 2051 367 2109 ές
379 2051 429 2122 τῆς
441 2051 494 2127 γῆς
506 2045 558 2122 τήν
576 2046 705 2122 περίοδον
721 2043 774 2120 τήν
788 2046 903 2121 ἐφέρετο
920 2049 949 2104 έν

144 2136 183 2210 τῷ
200 2133 295 2192 πίνακι
312 2134 522 2210 ἐντετμημένην·
549 2143 567 2168 “
576 2133 673 2193 Λυδῶν
692 2132 746 2203 δὲ,”
761 2135 815 2209 ἔφη
829 2132 948 2214 λέγωνό

144 2219 357 2303 Ἀρισταγόρης,
372 2221 450 2280 “οἶδε
460 2222 570 2300 ἔχονται
584 2220 737 2302 Φρύγες,οἱ
750 2221 820 2298 πρός
833 2221 884 2297 τήν
897 2221 946 2297 ήῶ,

144 2309 437 2386 πολυπροβατώτατοι
455 2335 485 2368 τε
503 2308 593 2372 ἐόντες
607 2309 803 2370 ἁπάντωντῶν
817 2310 871 2390 ε’γεδ
886 2310 947 2369 οἶδα

145 2397 192 2455 καὶ
211 2396 466 2474 πολυκαρπότατοι.
508 2402 624 2478 Φρυγῶν
645 2397 674 2456 δὲ
695 2399 805 2475 ἔχονται
826 2405 947 2457 Καππα-

145 2484 233 2558 δόκαι,
253 2487 319 2550 τούς
342 2485 422 2563 ήμεῖς
450 2487 565 2563 Συρίους
587 2487 733 2562 καλέομεν·
764 2487 891 2547 τούτοισι
918 2488 948 2547 δὲ

144 2573 299 2651 πρόσουροι
316 2580 439 2643 Κιλικες,
454 2574 619 2650 κατήκοντες
637 2576 683 2634 ε’πὶ
700 2575 852 2635 θάλασσαν
864 2576 947 2652 τήνδε

145 2667 175 2720 ε’ν
193 2659 213 2740 ᾖ
233 2662 282 2738 ἥδε
303 2663 418 2739 Κύπρος
442 2665 529 2737 νῆσος
549 2663 648 2722 κέεται·
670 2663 698 2722 οἳ
712 2662 884 2724 πεντακόσια
899 2663 946 2724 τά·

145 2754 234 2809 λαντα
246 2752 368 2827 βασιλέϊ
380 2750 568 2810 τδν“ε’πέτειον
582 2750 672 2828 φόρον
686 2755 854 2811 ἐπιτελεῦσι.
896 2758 947 2810 Κι-

145 2838 229 2898 λίκων
251 2839 280 2898 δὲ
302 2839 387 2899 τῶνδε
414 2839 525 2917 ἔχονται
547 2837 688 2916 Ἀρμένιοι
710 2840 776 2908 οἵδε,
799 2839 845 2897 καὶ
870 2837 947 2900 οὗτοι

145 2925 234 2989 ε’όντες
243 2926 470 3004 πολυπρόβατοι.
492 2926 644 3004 Ἀρμενίων
654 2926 683 2985 δὲ
694 2927 842 3003 Ματιηνοὶ,
853 2927 947 3006 χάρην

144 3013 225 3088 τήνδε
238 3015 356 3094 ἔχοντες.
398 3015 490 3094 ἔχεται
503 3016 533 3075 δὲ
545 3015 650 3075 τούτων
662 3020 699 3095 γῆ
714 3015 763 3090 ἥδε
778 3018 897 3092 Κισσίη·
913 3022 941 3075 ἐν

144 3107 179 3180 τῇ
192 3102 226 3179 δή
239 3103 316 3180 παρὰ
329 3104 457 3179 ποταμδν
469 3104 548 3163 τόνδε
562 3103 702 3178 Χοάσπην
716 3102 826 3178 κείμενά
839 3108 900 3163 ε’στι
910 3102 945 3161 τά

145 3191 242 3254 Σοῦσα
248 3196 345 3263 ταῦτα,
355 3193 420 3251 ἔνθα
428 3190 567 3267 βασιλεύς
575 3215 606 3248 τε
614 3191 701 3268 μέγας
710 3189 816 3248 δίαιταν
824 3191 944 3248 ποιέεται

146 3280 190 3404 κηΙὶ
198 3283 253 3339 τῶν
262 3279 413 3359 χρημάτων
427 3283 453 3338 οἱ
467 3277 605 3354 θησαυροὶ
615 3275 732 3335 ἐνθαῦτά
743 3279 807 3332 εἰσι.
835 3274 944 3334 ἑλόντες

186 3364 244 3410 .-3
