2282 3550
155 149 264 210 οο-οι]
475 141 641 198 omn(
908 153 955 200 τοι

154 230 280 307 πορθμῷ,
301 229 369 310 ἔργα
389 229 557 298 α’πεδέξαντο
578 230 667 310 λόγου
687 229 761 300 ἄξια
783 234 809 289 οἰ
828 233 880 306 μέν
900 231 955 312 γάρ

154 315 299 393 Ἀθηναῖοι
318 322 346 377 ἐν
364 322 402 396 τῷ
423 318 535 397 θορύβῳ
555 319 694 395 ἐκεράίζον
710 317 760 381 τάς
777 345 807 378 τε
826 319 956 379 α’ντιστα-

155 406 240 480 μένας
253 405 304 464 καί·
316 405 366 468 τάς
383 405 544 486 φευγούσας
558 410 613 466 τῶν
631 411 711 482 νηῶν,
727 410 754 467 οἰ
767 407 797 465 δέ
810 411 956 488 Αἰγινῆται

155 493 205 556 τάς
232 494 422 558 ἐκπλωοίσας·
464 494 533 558 ὅκως
556 495 588 553 δέ
608 520 680 558 τινες
702 494 767 558 τοῦς
792 494 956 572 Ἀθηναίους

156 581 325 662 διαφύγοιεν,
341 581 491 661 φερόμενοι
509 584 661 643 ἐσέπιπτον
674 589 701 646 ἐς
717 583 782 646 τοῦς
798 584 955 665 Αἰγινήτας.

155 667 294 730 Ἐνθαῦτα
314 669 479 748 συνεκύρεον
499 675 562 748 νῆες
581 671 600 747 ή
620 697 651 731 τε
669 673 876 748 Θεμιστοκλέος
897 672 954 732 διά-
965 675 1003 732 92

157 784 246 818 κουσα
272 762 326 834 νῆα
350 761 395 818 καί
419 759 437 836 ή
462 762 640 838 Πολύκριτον
661 765 711 819 τοῦ
734 765 832 838 Κριοῦ,
857 760 956 837 άνδρος

156 845 317 927 Αἰγινήτεω,
338 873 383 924 νηι
372 847 574 925 ἐμβαλοῦσα
598 847 752 928 Σιδωνίη”
734 875 806 926 ηπερ
827 848 885 908 εἰλε
904 848 957 925 τήν

156 935 423 1010 προφυλάσσουσαν
450 938 495 996 ἐπὶ
523 935 696 1016 Σκιάθῳ,
661 963 713 1048 την
741 936 956 1017 Αἰγιναίην,ἐπ

156 1020 191 1098 ἧς
204 1025 285 1083 ἔπλεε
298 1024 439 1101 Πυθέης
424 1053 440 1084 ο
453 1024 634 1104 Ισχένου,
602 1051 651 1085 τον
669 1029 696 1084 οἰ
716 1027 827 1102 Πέρσαι
841 1051 956 1085 κατακο-

156 1113 243 1171 πέντα
256 1113 355 1191 α’ρετής
369 1115 458 1172 εἰνεκα
475 1113 550 1192 εἰχον
567 1119 595 1173 ἐν
610 1118 646 1192 τῇ
664 1115 709 1190 νηί
721 1101 966 1198 ἐκπαγλεόμενοιῦ

156 1200 205 1260 τάν
218 1200 252 1275 δὴ
268 1201 443 1283 περιάγουσα
461 1229 520 1279 αμα
538 1205 614 1261 τοῖσι
628 1203 761 1282 Πέρσησι
778 1201 839 1277 ἥλω
858 1200 957 1279 νηῦςή

157 1288 282 1366 Σιδωνίη,
311 1290 383 1350 ὥστε
405 1291 517 1368 Πυθέην
539 1289 610 1350 οὕτω
631 1291 757 1367 σωθῆναι
779 1295 805 1354 ἐς
829 1291 955 1370 Αἴγιναν·

157 1376 193 1439 ὦς
214 1378 244 1436 δὲ
265 1379 354 1438 ἐσεῖδε
369 1379 422 1454 τήν
437 1383 491 1453 νήο
511 1378 563 1453 τήν
585 1377 715 1456 Ἀττικήν
735 1378 752 1438 ὁ
772 1378 955 1456 Πολύκριτος,

157 1465 226 1545 ἔγνω
244 1466 277 1526 τά
296 1467 420 1543 σημήϊον
439 1466 501 1526 ἰδοίν
519 1471 570 1542 τῆς
586 1467 840 1548 στρατηγίδος,καί
857 1467 956 1544 βύσας

156 1552 206 1613 τάν
223 1557 418 1631 Θεμιστοκλέα
439 1555 653 1637 ἐπεκερτόμησε,
675 1561 703 1618 ἐς
717 1559 772 1615 τῶν
789 1557 957 1637 Αἰγινητέων

156 1640 207 1701 τάν
219 1642 362 1720 μηδισμδν
374 1643 519 1714 ὀνειδίζων·
536 1647 624 1711 ταῦτα
637 1644 689 1719 μέν
702 1667 750 1703 νυν
762 1644 807 1720 νηί·
821 1645 955 1720 ἐμβαλοίν

157 1728 173 1788 ά
187 1731 362 1809 Πολύκριτος
374 1731 510 1810 ἀπέρριψε
528 1736 555 1796 ἐς
568 1733 772 1808 Θεμιστοκλέα·
795 1735 822 1790 οἰ
839 1733 869 1790 δέ
881 1732 953 1809 βάρ-

156 1820 252 1896 βαροι,
263 1824 317 1880 τῶν
331 1823 360 1878 αἰ
372 1824 435 1895 νήες
448 1821 647 1902 περιεγένοντο,
660 1820 810 1901 φεύγοντες
823 1818 956 1880 άπίκοντο

158 1911 185 1969 ἐς
198 1907 330 1984 Φάληρον
342 1908 397 1968 ύπὸ
410 1908 460 1968 τάν
473 1908 557 1979 πεζόν
570 1907 702 1985 στρατόν.
905 1921 908 1927 ’

197 1995 247 2055 Ἐν
273 1997 302 2055 δέ
328 2001 364 2075 τῇ
389 1998 528 2076 ναυμαχίη
554 1997 641 2074 ταύτῃ
664 1995 789 2071 ἤκουσαν
811 1995 1004 2072 Ἑλλήνων93

158 2080 261 2159 άριστα
284 2088 439 2166 Αἰγινῆται·
481 2087 526 2144 ἐπὶ
550 2085 587 2156 δί,
608 2084 760 2160 Ἀθηναῖοι·
802 2083 907 2161 α’νδριῦν
928 2084 965 2143 δέν

159 2172 333 2250 Πολύκριτός
350 2171 412 2232 τεά
430 2172 588 2254 Αἰγινήτης,
608 2174 654 2232 καὶ
671 2172 814 2249 Ἀθηναῖοι
831 2173 957 2251 Εύμένης

157 2285 188 2318 τε
201 2259 218 2320 ὁ
230 2259 433 2342 Ἀναγυράσιος
450 2263 496 2320 καὶ
509 2260 649 2338 Ἀμεινίης
665 2261 841 2338 Παλληνεύς·
863 2261 894 2325 ὃς
911 2264 956 2322 καί

157 2346 337 2426 Ἀρτεμισίην
367 2349 500 2419 ἐπεδίωξε.
544 2353 568 2408 εἰ
593 2350 645 2428 μέν
672 2376 719 2410 νυν
748 2351 833 2427 ἔμαθε
859 2350 902 2412 ὅτι
929 2357 958 2411 ἐν

158 2437 244 2516 ταύτῃ
265 2438 348 2496 πλέοι
367 2437 386 2514 ή
407 2438 579 2515 Ἀρτεμισίη,
604 2437 653 2498 ούκ
674 2437 707 2498 ἂν
728 2441 870 2500 ἐπαύσατο
891 2440 957 2516 πρά-

158 2550 238 2601 τερον
250 2524 269 2601 ή
283 2527 342 2584 εἷλέ
353 2553 402 2603 μιν
417 2525 435 2602 ἢ
454 2529 500 2585 καὶ
518 2526 601 2590 αύτὸς
617 2525 687 2602 ἥλω·
707 2532 784 2587 τοῖσι
801 2529 856 2608 γάρ
874 2527 957 2603 Ἀθη-

159 2614 240 2674 ναίων
259 2615 455 2694 τριηράρχοισι
475 2616 728 2692 παρακεκέλευστο·
762 2615 832 2692 πρός
852 2615 889 2684 δέ,
912 2617 957 2674 καί

159 2699 261 2762 άεθλον
277 2705 364 2762 ἔκειτο
379 2703 475 2781 μύριαι
491 2703 622 2782 δραχμαὶ,
637 2702 667 2766 ὃς
686 2701 721 2762 άν
738 2728 786 2779 μιν
803 2702 874 2777 ζωήν
895 2703 956 2781 ἕλη·

159 2789 247 2850 δεινιίν
269 2792 324 2871 γάρ
350 2817 378 2850 τι
399 2795 548 2860 ἐποιεῦντο,
568 2795 685 2872 γυναῖκα
706 2792 752 2849 ἐπὶ
770 2789 820 2852 τοὶς
838 2789 958 2864 Ἀθήνας

159 2880 369 2954 στρατεύεσθαι.
411 2878 482 2955 αῦτη
499 2883 550 2956 μὲν
573 2879 616 2954 δή,
636 2879 671 2942 ὦς
690 2878 825 2955 πρότερον
844 2878 957 2954 εἴρηται,

159 2965 282 3049 διέφυγε·
302 2967 377 3043 ἦσαν
391 2968 420 3027 δὲ
434 2969 480 3026 καὶ
494 2971 520 3026 οἰ
539 2966 624 3026 ἄλλοι
642 2972 697 3027 τῶν
715 2970 744 3025 αἱ
757 2971 820 3042 νῆες
835 2991 956 3047 περιεγε-

158 3055 279 3136 γόνεσαν
293 3062 321 3116 ἐν
334 3061 372 3136 τῷ
385 3056 514 3135 Φαλήρῳ.
556 3055 735 3132 Ἀδείμαντον
750 3055 779 3114 δὲ
794 3055 843 3114 τόν
857 3056 956 3132 Κορίν·
966 3059 1003 3114 94

160 3145 219 3204 θιον
253 3145 412 3225 στροτηγάν
445 3146 563 3224 λέγουσι
591 3144 742 3219 Ἀθηναῖοι,
769 3142 867 3200 αὐτίκα
898 3142 956 3201 κατ’

158 3232 247 3313 άρχάς
273 3233 308 3297 αἰς
334 3235 511 3313 συνέμισγον
526 3235 555 3290 αἰ
575 3235 645 3306 νῆες,
667 3231 841 3311 ἐκπλαγέντα
860 3255 890 3288 τε
911 3230 956 3288 καὶ

159 3319 368 3398 ύπερδείσοντα,
382 3321 418 3382 τά
446 3320 522 3379 ἱστία
548 3318 711 3395 ἀειράμενον
735 3316 864 3395 οἴχεσθαι
891 3315 955 3390 φεύ-
