2276 3554
135 146 281 212 τοο-ιιι]
446 131 632 198 nonum
897 151 942 203 ιιι

135 229 188 288 θου
203 225 256 286 ὦδε
269 229 438 309 τεταγμένος
451 229 466 288 ό
480 230 602 304 στρατός
615 234 646 288 ε’κ
660 229 803 307 Δορίσκου
816 229 868 307 τήν
878 229 944 291 ὀδόν

136 317 272 376 ἐποιέετο·
294 321 368 394 τρεῖς
388 319 489 396 μοίρας
507 317 523 378 ό
544 318 651 394 Ξέρξης
674 318 832 396 δασάμενος
851 317 944 380 πάντα

135 403 187 463 τὸν
199 405 287 476 πεζόν
300 406 432 483 στρατόν,
446 407 513 482 μίαν
525 404 629 466 αύτέων
643 406 721 476 ἔταξε
738 407 815 483 παρὰ
835 406 944 468 θάλασ-

136 517 194 551 σαν
213 493 284 552 ἰέναι
297 492 369 570 ὁμοῦ
382 499 421 572 τῷ
434 497 560 572 ναυτικῷ·
581 493 683 572 ταύτης
696 498 747 571 μὲν
761 495 795 570 δή
809 493 944 572 έστρατή·

136 605 203 660 γεον
217 580 378 656 Μαρδόνιός
392 590 423 641 τε
437 583 484 641 καὶ
498 583 661 658 Μασίστης·
676 583 755 660 ἑτέρη
769 583 799 642 δὲ
813 583 944 664 τεταγμέ·

137 693 172 743 νη
189 667 234 744 ἤϊε
250 671 301 728 τοῦ
322 673 446 746 στρατοῦ
466 670 628 747 τριτημορὶς
642 670 695 746 Πδν
714 670 880 751 μεσόγαιαν,
894 674 945 746 τῆς

138 755 330 837 ἐστρατήγεον
353 758 576 836 Τριτανταίχμης
602 783 633 818 τε
661 760 707 818 καὶ
731 759 839 840 Γέργις·
867 758 885 834 ἦ
913 757 942 818 δὲ

136 843 219 920 τρίτη
239 849 295 903 τῶν
314 847 441 922 μοιρέων,
455 845 515 924 μετ’
528 843 562 922 ἧς
578 846 725 924 ε’πορεύετο
745 846 827 910 αύτὸς
847 846 943 924 ὁΞέρ-

137 931 196 1007 ξης,
209 930 255 1007 ήῖε
274 935 327 1009 μὲν
346 935 379 993 τό
400 935 490 1009 μέσον
508 933 620 1004 αὐτέων,
635 934 810 1016 στρατηγούς
825 934 855 994 δὲ
875 957 945 1011 παρ-

138 1019 232 1098 είχετο
246 1021 441 1098 Σμερδομένεά
460 1048 491 1082 τε
512 1022 559 1081 καὶ
572 1021 754 1102 Μεγάβυζον.

179 1107 214 1166 ‘0
228 1109 282 1184 μέν
295 1135 343 1168 νυν
357 1109 484 1174 ναυτικάς
498 1109 620 1186 στροτδς
631 1109 666 1173 ώς
678 1110 780 1186 ἀπείθη
793 1109 991 1186 §xmp-122

139 1195 199 1266 ξεω,
223 1197 270 1254 καὶ
292 1196 463 1267 διεξέπλωσε
483 1197 535 1274 τήν
556 1197 677 1276 διώρυχα
693 1198 745 1273 τήν
767 1203 796 1258 έν
814 1201 852 1277 τῷ
867 1195 944 1277 Ἀθιρ

140 1286 293 1364 γενομένην
311 1285 462 1364 διέχουσαν
480 1286 510 1345 δὲ
528 1291 556 1349 ές
575 1285 683 1346 κόλπον
701 1292 730 1346 έν
750 1289 789 1365 τῷ
802 1284 902 1346 Ἀσσα
915 1312 946 1346 τε

141 1372 224 1436 πόλις
244 1375 289 1431 καὶ
304 1373 435 1451 Πίλωρος
456 1375 502 1434 καὶ
516 1374 620 1454 Σίγγος
634 1374 680 1432 καὶ
695 1374 789 1452 Σάρτη
811 1376 944 1451 οἴκηνται·

141 1461 276 1533 ἐνθεῦτεν,
291 1459 327 1523 ώς
348 1463 393 1520 καὶ
416 1467 446 1520 έκ
468 1463 586 1522 τουτέων
606 1467 661 1522 τῶν
682 1464 788 1522 πολίων
807 1463 945 1540 στρατιήν

139 1550 299 1625 παρέλαβε,
315 1551 397 1608 έπλεε
411 1549 557 1627 ἀπιέμενος
571 1554 598 1613 ές
611 1551 661 1610 τόν
674 1554 814 1628 Θερμαῖον
828 1548 943 1621 κόλπον,

139 1635 276 1713 κάμπτων
291 1636 321 1695 δὲ
336 1637 484 1714 Ἀμπελον
504 1638 557 1713 τήν
570 1640 728 1716 Τορωναίην
748 1637 843 1716 άκρην,
857 1664 944 1717 παρα-

139 1725 260 1801 μείβετο
272 1723 440 1800 Ἑλληνίδας
460 1725 547 1785 τάσδε
567 1726 651 1790 πόλις
665 1731 694 1786 έκ
707 1729 770 1786 τῶν
781 1728 843 1790 νέας
855 1751 886 1786 τε
900 1728 946 1786 καὶ

139 1812 280 1888 στρατιήν
296 1813 510 1890 παρελάμβανε·
531 1814 667 1892 Τορώνην,
683 1815 826 1893 Γαληψδν,
841 1815 946 1892 Σερμύ-

139 1906 205 1976 λην,
220 1899 420 1978 Μηκύβερναν,
434 1902 587 1968 Ὄλυνθον·
607 1902 691 1980 ἦμέν
711 1929 759 1962 νυν
778 1902 856 1982 χώρη
876 1903 946 1980 αὕτη

141 1989 265 2064 Σιθωνίη
283 1991 421 2049 καλέεται.
463 1989 497 2050 ‘0
512 1991 541 2049 δέ
554 1990 681 2054 ναυτικδς
694 1991 815 2068 στρατός
828 1990 844 2050 ὁ
858 1993 991 2069 Hip-123

140 2077 203 2146 ξεω,
232 2076 397 2154 συντάμνων
424 2077 472 2137 ἀπ’
495 2077 641 2155 Ἀμπέλου
668 2079 754 2156 ἄκρης
781 2080 826 2138 ε’πὶ
851 2080 943 2140 Κανά-

140 2190 263 2242 στραιον
280 2164 375 2242 ἄκρην,
391 2166 425 2226 τὰ
444 2166 478 2242 δή
497 2165 592 2243 πάσης
612 2170 662 2243 τῆς
679 2167 834 2243 Παλλήνης
854 2167 947 2248 ἀνέχει

140 2252 282 2330 μάλιστα,
303 2255 428 2314 ἐνθεῦτεν
450 2255 513 2317 νέας
532 2280 563 2314 τε
583 2256 629 2314 καὶ
647 2255 782 2332 στρατιήν
803 2257 946 2335 παρελάμ-

141 2343 217 2417 βανε
236 2346 266 2400 έκ
288 2343 447 2418 Ποτιδαίης,
465 2343 512 2400 καὶ
523 2341 665 2419 Ἀφύτιος,
681 2343 727 2402 καὶ
741 2345 816 2420 Νέης
830 2344 947 2417 Πόλιος,

142 2429 191 2488 καὶ
211 2432 309 2510 Αἰγῆς,
326 2431 372 2488 καὶ
385 2429 535 2507 Θεράμβω,
550 2431 596 2489 καὶ
611 2431 741 2508 Σκιώνης,
761 2433 807 2490 καὶ
828 2434 947 2511 Μένδης,

142 2518 191 2576 καὶ
213 2517 313 2594 Σάνης·
340 2516 422 2578 αὗται
443 2518 498 2600 γάρ
522 2523 577 2578 εἰσι
598 2522 628 2578 αί
648 2520 700 2595 τήν
721 2524 769 2580 νῦν
791 2522 948 2599 Παλλήνην

141 2606 282 2684 πρότερον
294 2607 324 2666 δὲ
337 2609 467 2688 Φλέγρην
480 2608 651 2684 καλεομένην
664 2609 821 2686 νεμόμεναι.
858 2637 947 2688 παρα·

142 2696 239 2755 πλέων
260 2695 291 2754 δὲ
312 2696 359 2754 καὶ
376 2698 480 2771 ταύτην
497 2695 548 2771 τήν
566 2694 659 2775 χώρην
680 2699 762 2757 ἔπλεε
783 2702 811 2761 ές
828 2698 861 2758 τά
877 2725 945 2776 προ-

143 2785 298 2862 ειρημένον,
328 2783 560 2862 παραλαμβάνων
590 2785 726 2862 στρατιήν
758 2788 804 2845 καὶ
834 2791 864 2846 ἐκ
893 2792 948 2848 τῶν

142 2871 309 2951 προσεχέων
329 2873 436 2932 πολίων
456 2876 492 2950 τῇ
515 2872 664 2953 Παλλήνη,
686 2873 895 2951 ὁμουρεουσέων
916 2876 946 2936 δὲ

141 2964 183 3040 τῷ
195 2961 325 3039 Θερμαίῳ
346 2960 451 3040 κόλπῳ,
472 2963 540 3039 τῇσι
559 2960 699 3039 ούνόματά
719 2967 782 3021 έστι
801 2962 877 3022 τάδε·
897 2966 947 3024 Ai-

142 3050 242 3119 παξος,
264 3048 429 3126 Κώμβρεια,
449 3050 545 3118 Λίσαι,
563 3051 691 3130 Γίγωνος,
710 3048 828 3126 Κάμψα,
843 3053 946 3129 Σμίλα,

143 3138 250 3197 ΑἴνειαΙ
279 3136 298 3212 ἤ
320 3136 350 3195 δὲ
370 3139 488 3196 τουτέων
510 3137 587 3213 χώρη
610 3136 763 3211 Κροσσαίη
787 3137 827 3193 ἔτι
851 3139 897 3194 καὶ
920 3145 948 3200 ἐς

142 3224 208 3286 τάδε
231 3225 368 3284 καλέεται
411 3223 467 3283 άπὸ
489 3223 519 3281 δὲ
541 3223 657 3296 Αἰνείης,
679 3225 706 3282 ές
727 3221 779 3294 τήν
800 3222 948 3282 ἐτελεύτων

144 3313 309 3394 καταλέγων
324 3312 374 3381 τὰς
393 3311 486 3379 πόλις,
499 3307 555 3368 υἷπὸ
576 3307 676 3380 ταύτης
696 3303 749 3380 ἤδη
770 3305 897 3382 ε’ςιαύτόν
916 3334 947 3369 τε
