2250 3552
172 150 218 198 τοι
475 146 656 196 Ἥιαιοτοτ
910 149 973 216 [Ix.

171 228 265 304 βαζος.
308 225 560 304 μεταπεμψάμενος
587 225 623 285 ὧν
649 228 713 290 τούς
732 230 900 308 ταξιάρχους
919 235 976 291 τῶν

171 316 271 375 τελέων
293 314 338 373 καὶ
357 317 412 374 τῶν
432 313 490 391 μετ’
508 319 608 374 ἑωυτοῦ
630 315 728 374 ε’όντων
745 313 890 392 Ἑλλήνων
909 319 977 382 τοιίς

172 402 354 484 στρατηγοιίς,
366 402 464 480 εἰρώτα
473 404 497 462 εἰ
506 429 533 462 τι
544 403 637 462 εἰδεῖεν
646 403 745 484 λόγιον
755 405 819 481 περὶ
830 407 976 482 Περσέων,

173 490 209 554 οἰς
226 491 438 568 διαφθερέονται
459 496 488 550 έν
504 495 540 570 τῇ
556 490 693 560 Ἑλλάδι;
715 491 857 573 σιγώντων
873 493 902 553 δὲ
917 499 977 555 τῶν

173 579 335 655 ε’πικλήτων,
349 583 404 640 τῶν
416 583 468 657 μὲν
481 579 530 638 οιίκ
548 579 659 640 εἰδότων
673 579 738 644 τοιίς
751 582 905 660 χρησμοιίς,
919 587 978 643 τῶν

172 667 202 726 δὲ
215 666 326 728 εἰδότων
338 671 389 744 μὲν
400 673 429 727 ἒν
442 666 519 746 ἀδείῃ
538 667 568 726 δὲ
585 667 617 727 οὐ
635 669 802 745 ποιευμένων
818 669 852 729 τό
871 671 976 750 λέγειν,

172 754 254 818 αὖτός
274 755 432 832 Μαρδόνιος
454 757 541 837 ἔλεγε·
564 757 650 815 “ε’πεί
669 757 762 816 τοίνυν
783 757 860 834 ὖμεῖς
876 756 894 833 ἢ
912 760 977 818 ἰστε

173 843 259 915 οὐδὲν,
280 843 298 920 ἢ
319 843 351 904 οιί
371 849 496 920 τολμᾶτε
518 845 619 926 λέγειν,
642 843 707 903 ἀλλ’
728 845 782 926 ἐγώ
803 847 868 922 ε’ρέω
890 846 925 909 ώς
945 847 977 923 εἰ

174 933 366 1009 ε’πιστιίμενος·
396 933 457 992 ἔστι
481 931 579 1012 λόγιον
602 932 638 995 οἰς
663 932 746 1010 χρεόν
773 937 833 992 ε’στι
858 935 977 1010 Πέρσας

174 1019 356 1096 ἀπικομένους
377 1025 405 1083 ές
424 1019 477 1096 τήν
493 1018 629 1090 Ἑλλάδα,
643 1019 796 1096 διαρπάσαι
814 1021 847 1081 τό
866 1021 926 1098 ἰρδν
941 1023 977 1084 τό

174 1113 202 1168 έν
230 1112 381 1184 Δελφοῖσι,
404 1107 475 1186 μετιί
498 1107 528 1166 δὲ
554 1109 606 1184 τήν
632 1107 788 1190 διαρπαγήν
814 1109 977 1170 ἀπολέσθαι

173 1196 287 1258 πάντας.
328 1195 410 1273 ἡμεῖς
422 1197 521 1270 τοίνυν,
536 1196 602 1256 αὐτό
617 1200 699 1256 τοῦτο
713 1196 901 1273 ε’πιστοίμενοι,
912 1197 977 1258 οὔτε

175 1285 235 1361 ἴμεν
244 1286 289 1344 ε’πὶ
302 1285 334 1344 τό
350 1285 499 1362 ἰρὸντοῦτο
509 1284 572 1344 οὔτε
581 1283 795 1363 ἐπιχειρήσομεν
806 1285 976 1362 διαρπάζειν·

173 1373 273 1448 ταύτης
287 1399 317 1433 τε
332 1373 421 1432 εἵνεκα
434 1377 484 1449 τῆς
498 1374 586 1448 αἰτίης
604 1372 653 1432 οὐκ
672 1371 860 1450 ἀπολεόμεθα.
903 1373 977 1434 ὥστε

173 1459 262 1535 ὖμέων
293 1459 358 1520 ὅσοι
383 1461 555 1541 τυγχάνουσι
588 1459 677 1520 εὔνοοι
711 1461 800 1524 ε’όντες
831 1461 974 1540 Πέρσῃσι,

813 1547 821 1568 Φ
850 1550 858 1571 Ι
909 1548 917 1568 ί

173 1547 275 1622 ἥδεσθε
294 1548 375 1606 τοῦδε
393 1550 490 1618 εἵνεκα,
511 1549 546 1612 οἷς
567 1549 781 1626 περιεσομένους
798 1575 890 1625 ,ημεας
918 1554 977 1607 Ελ-

204 1636 212 1656 !
274 1634 290 1654 ἱ)
365 1636 413 1656 a}

174 1640 273 1711 ληνων.
325 1662 413 1696 ταυτα
427 1643 483 1712 σφι
497 1638 583 1706 εἴπας,
597 1637 709 1713 δεύτερα
723 1635 856 1713 ἐσήμαινε
869 1662 976 1714 παραρ-

173 1724 290 1785 τέεσθαί
307 1751 338 1784 τε
358 1724 450 1784 πάντα
472 1725 517 1783 καὶ
540 1723 663 1801 εὐκρινέα
683 1724 836 1794 ποιέεσθαι,
861 1723 897 1787 ὥς
916 1723 977 1801 ἅμα

173 1811 262 1892 ἡμέρῃ
276 1816 312 1891 τῇ
326 1812 443 1892 ἐπιούσῃ
457 1814 610 1889 συμβολῆς
626 1813 768 1887 ἐσομένης.

126 1905 165 1960 43
215 1904 320 1960 Τοῦτον
334 1900 356 1959 δ’
371 1902 456 1982 ἔγωγε
469 1901 519 1960 τόν
532 1899 663 1979 χρησμόν
680 1899 729 1958 τόν
744 1898 901 1976 Μαρδόνιος
916 1899 976 1959 εἰπε

175 1994 201 2051 ἐς
216 1990 330 2066 Πέρσας
344 1989 424 2068 ἔχειν,
439 1993 466 2052 ές
478 1987 632 2065 Ἰλλυριούς
644 2013 675 2046 τε
694 1987 739 2045 καὶ
757 1986 809 2046 τόν
819 1985 977 2066 Ἐγχέλεων

173 2077 296 2154 στρατόν
323 2077 385 2136 οἶδα
411 2077 605 2152 πεποιημένον,
633 2074 698 2134 ἀλλ’
726 2073 775 2134 οθκ
800 2081 827 2137 ἐς
850 2076 976 2150 Πέρσας.

174 2165 250 2224 α’λλαὶ
277 2165 313 2224 τὰ
337 2168 389 2241 μὲν
413 2165 512 2223 Βιίκιδί
537 2169 598 2224 ε’στι
622 2168 650 2226 ε’ς
676 2161 778 2239 ταύτην
804 2161 855 2237 τήν
882 2161 978 2241 μα’χην

174 2253 355 2328 πεποιημένα·

222 2381 266 2438 τὴν
283 2379 301 2426 δ’
319 2381 358 2426 ἐπὶ
375 2380 527 2439 θερμώδοντι
545 2381 584 2427 καὶ
597 2379 706 2440 Ἀσωπῷ
721 2381 839 2440 λεχεποίῃ

219 2453 342 2510 Ἑλλήνων
359 2453 461 2510 σύνοδον,
483 2453 522 2500 καί
538 2451 728 2515 βαρβαρόφωνον
745 2453 822 2512 ἰϋγήν·

222 2527 256 2586 τῇ
271 2525 359 2571 πολλοὶ
377 2525 505 2572 πεσέονται
523 2525 582 2585 ὑπὲρ
599 2524 706 2584 Λάχεσίν
723 2542 750 2571 τε
766 2525 838 2585 μόρον
853 2543 882 2572 τε

222 2597 358 2659 τοξοφόρων
375 2597 472 2656 Μήδων,
490 2597 548 2644 ὅταν
567 2597 661 2654 αἴσιμον
677 2596 743 2658 ἦμαρ
760 2597 859 2656 ἐπέλθῃ.

174 2694 262 2750 ταῦτα
274 2691 326 2766 μὲν
340 2689 385 2747 καὶ
399 2687 586 2764 παραπλήσια
599 2687 726 2748 τούτοισι
739 2687 817 2747 ἅλλα
828 2691 979 2750 Μουσαίου

174 2779 273 2856 ἔχοντα
296 2777 407 2839 οἰδαές
430 2777 554 2853 Πέρσας·
581 2775 597 2834 ὁ
622 2775 651 2834 δὲ
675 2776 827 2853 Θερμώδων
849 2777 978 2853 ποταμὸς

174 2866 229 2940 ῥέει
242 2864 345 2941 μεταξιί
359 2863 503 2944 Τανάγρης
515 2890 546 2922 τε
560 2864 607 2922 καί
621 2863 787 2926 Γλίσαντος.

126 2955 165 3010 44
214 2952 296 3012 Μετιὶ
315 2953 344 3010 δὲ
362 2953 413 3027 τήν
431 2950 612 3028 ἐπειρώτησιν
629 2955 684 3011 τῶν
697 2955 833 3030 χρησμῶν
847 2950 894 3010 καί
907 2975 978 3027 παρ-

174 3039 279 3096 αίνεσιν
298 3039 350 3114 τήν
370 3043 400 3097 ἐκ
421 3038 589 3114 Μαρδονίου,
614 3037 664 3107 νύξ
688 3065 720 3098 τε
748 3041 853 3120 ἐγίνετο
878 3039 924 3097 καί
951 3042 979 3100 ἐς

174 3125 303 3198 φυλακᾶς
336 3125 501 3183 ἐτάσσοντο.
542 3124 578 3186 ὥς
604 3125 633 3183 δὲ
664 3126 762 3200 πρόσω
796 3130 846 3202 τῆς
881 3124 979 3190 νυκτδς

173 3211 360 3285 προελήλατο,
381 3212 426 3268 καί
445 3211 550 3288 ήσυχίη
570 3211 661 3270 ε’δόκεε
680 3213 749 3272 εἶναι
769 3212 821 3272 α’νᾶ
840 3213 876 3272 τὰ
893 3239 979 3290 στρα-

173 3295 277 3352 τόπεδα
304 3298 349 3354 καὶ
376 3297 503 3370 μάλιστα
529 3301 555 3355 οἱ
583 3297 722 3374 ἅνθρωποι
747 3299 817 3358 εἰναι
846 3305 875 3359 ε’ν
894 3299 979 3376 ὕπνῳ,
