2282 3550
190 135 237 182 ιιι
489 131 673 181 Ἤτοιιουοτ
911 131 987 195 [vn.

188 211 273 272 αὐτοῦ
293 210 518 284 ἀπαλλάξεσθαι,
538 211 614 270 άλλοῖ
637 212 851 288 καταμείναντες
869 213 990 272 συναπέ-

188 301 280 360 θανον·
303 299 515 381 ε’στρατὴγεειδὲ
529 299 619 358 αὐτῶν
633 300 802 376 Δημόφιλος
816 300 989 377 Διαδρόμεω.

141 389 199 446 223
249 389 354 465 Ξέρξης
381 387 410 446 δὲ
438 389 497 447 ε’πεὶ
523 387 606 463 ἡλίου
638 386 833 452 ἀνατείλαντος
865 388 991 454 σπονδάς

188 475 350 551 ἐποιήσατο,
366 475 490 554 ἐπισχάν
503 474 612 554 χρόνον,
629 481 656 539 ἒς
672 475 776 556 όγορῆς
795 502 844 535 κου
862 476 991 553 μάλιστα

187 564 340 642 πληθώρην
353 565 495 641 πρόσοδον
510 565 641 624 ἐποιέετο·
660 565 773 645 καὶγὰρ
788 566 946 624 ἐπέσταλτο
960 567 994 636 ἐξ

187 649 343 712 Ἐπιάλτεω
362 652 442 712 οὕτω·
465 652 520 712 ἀπό
542 653 597 733 γάρ
613 656 663 712 τοῦ
680 651 774 729 οὔρεος
794 653 812 728 ἡ
833 652 992 729 κατάβασις

188 742 384 818 συντομωτέρη
404 742 436 800 τέ
451 747 520 811 ε’στι,
536 741 582 799 καὶ
595 741 770 820 βραχύτερος
783 741 799 800 ό
812 745 904 820 χῶρος
920 746 992 801 πολ·

637 828 719 852 x’!

188 829 249 898 λόν,
269 827 340 906 ἥπερ
361 829 380 905 ἦ
402 829 529 906 περίοδός
550 855 580 888 τε
601 855 647 888 και
667 855 720 887 ανα
744 855 814 892 ασις.
859 829 889 888 οἵ
907 855 937 888 τε
956 827 991 904 δή

188 917 334 995 βάρβαροι
355 921 382 977 οἱ
400 917 476 994 α’μφὶ
494 918 600 993 Ξέρξεα
618 917 787 995 προσήῖσαν,
807 917 852 976 καὶ
871 919 898 976 οἱ
915 923 992 994 αμφὶ

189 1006 327 1082 Λεωνίδην
353 1004 501 1082 Ἕλληνες,
534 1004 569 1068 οἷς
599 1005 649 1080 την
680 1005 725 1063 ε’πὶ
757 1004 864 1084 θανάτῳ
897 1005 993 1074 ἔξοδον

189 1094 353 1171 ποιεύμενοι,
374 1092 427 1170 ἤδη
444 1097 543 1172 πολλῷ
564 1097 677 1170 μᾶλλον
694 1091 712 1168 ἢ
731 1092 790 1152 κατ’
808 1092 896 1172 ἀρχάς
912 1094 991 1163 ε’πεξ-

190 1182 274 1258 η’“ι’σαν
301 1187 328 1246 ἒς
348 1181 381 1242 τό
402 1181 546 1259 εόρίττερον
569 1186 619 1240 τοῦ
643 1179 766 1259 αὐχένος·
799 1181 832 1240 τό
857 1183 908 1257 μὲν
934 1181 991 1262 γάρ

190 1272 276 1348 ἔρυμα
294 1275 344 1331 τοῦ
363 1272 468 1350 τείχεος
490 1269 680 1345 ἐφυλάσσετο,
701 1273 727 1328 οἱ
746 1269 776 1328 δὲ
793 1269 845 1329 α’νοὶ
861 1269 910 1332 τάς
923 1296 992 1348 προ·

189 1360 270 1435 τέρας
283 1359 388 1437 ἡμέρας
401 1358 557 1428 ὑπεξιόντες
571 1363 598 1421 ἐς
611 1358 647 1417 τό
660 1358 828 1434 στεινόπορα
842 1357 991 1437 ἐμάχοντο.

190 1447 253 1506 τότε
280 1448 314 1522 δὴ
343 1447 551 1528 συμμίσγοντες
573 1447 622 1516 ἔξω
649 1450 703 1506 τῶν
722 1451 853 1530 στεινῶν,
875 1447 992 1507 ἔπιπτον

191 1535 294 1609 πλήθεϊ
321 1536 426 1593 πολλοὶ
458 1539 513 1594 τῶν
547 1534 712 1611 βαρβάρων·
754 1533 855 1594 ὄπισθε
881 1533 936 1613 γάρ
963 1538 992 1595 οἲ

190 1622 324 1702 ἡγεμόνες
344 1626 399 1682 τῶν
418 1624 520 1682 τελέων
541 1624 649 1700 ἔχοντες
675 1621 822 1700 μάστιγας,
845 1621 993 1699 ε’ρρόπιζον

190 1711 281 1770 πάντα
299 1710 384 1788 ἄνδρα
405 1712 458 1769 αἰεὶ
476 1716 502 1774 ἐς
520 1710 552 1770 τό
566 1710 664 1787 πρόσω
678 1710 877 1788 ἐποτρύνοντες.
919 1715 991 1770 πυλ-

191 1800 238 1859 λοὶ
256 1801 307 1875 μὲν
323 1799 357 1874 δη
377 1799 529 1858 ἐσέπιπτον
547 1796 636 1857 αὐτῶν
655 1803 682 1861 ές
699 1797 750 1874 τήν
767 1797 925 1868 θάλασσαν,
945 1800 992 1858 καὶ

192 1888 391 1964 διεφθείροντο·
425 1891 525 1965 πολλῷ
547 1885 569 1944 δ’
591 1888 630 1945 ἔτι
652 1891 768 1950 πλεῦνες
790 1885 992 1948 κατεπατέοντο

191 1978 255 2048 ζωοὶ
268 1976 313 2036 ὑπ’
328 1975 471 2052 ἀλλήλων·
492 1973 527 2050 ἦν
545 1975 574 2033 δὲ
591 1973 676 2055 λόγος
695 1973 782 2038 οὐδεὶς
797 1978 847 2034 τοῦ
865 1974 992 2035 όπολλυ-

190 2067 284 2141 μένου.
326 2064 375 2124 άτε
401 2064 456 2144 γάρ
484 2063 663 2140 ἐπιστάμενοι
690 2063 739 2122 τόν
765 2063 909 2140 μέλλοντά
934 2071 993 2140 σφι

191 2154 307 2212 ἔσεσθαι
324 2153 442 2212 θάνατον
463 2157 493 2210 ε’κ
514 2155 568 2211 τῶν
587 2151 747 2227 περιϊόντων
767 2149 800 2211 τό
822 2150 910 2228 οὖρος,
924 2151 991 2212 α’πε-

191 2241 328 2299 δείκνυντο
345 2240 438 2316 ῥώμης
451 2239 521 2300 ὅσον
541 2239 617 2318 εἶχον
635 2241 770 2320 μέγιστον
791 2247 820 2302 ές
838 2239 902 2302 τούς
918 2243 992 2319 βαρ-

144 2330 201 2386 224
210 2327 323 2404 βάρους,
341 2328 571 2405 παραχρεώμενοί
584 2353 615 2386 τε
635 2328 681 2386 καὶ
701 2326 832 2390 ἀτέοντες.
876 2327 993 2404 Δόρατα

190 2416 241 2490 μέν
271 2441 318 2474 νυν
348 2418 424 2475 τοῖσι
457 2415 605 2475 πλεόνεσιν
635 2415 725 2476 αὐτῶν
756 2420 905 2491 τηνικαῦτα
936 2417 992 2494 ἤδη

191 2502 323 2584 ε’πίγχανε
338 2503 500 2584 κατεηγότα,
515 2507 541 2562 οἳ
560 2505 589 2563 δὲ
609 2508 686 2564 τοῖσι
704 2505 802 2580 ξίφεσι
815 2505 993 2585 διεργάζοντο

190 2591 254 2654 τούς
276 2592 399 2669 Πέρσας·
428 2593 473 2650 καὶ
491 2592 629 2668 Λεωνίδης
650 2619 681 2652 τε
698 2597 727 2653 ε’ν
747 2592 834 2671 τούτῳ
856 2597 893 2671 τῷ
914 2592 993 2674 πόνῳ

191 2680 293 2750 πίπτει,
321 2679 391 2756 α’νηρ
417 2679 564 2759 γενόμενος
590 2679 713 2757 άριστος,
744 2681 789 2739 καὶ
818 2681 905 2757 ἕτεροι
930 2682 993 2757 μετ’

190 2767 275 2828 αὐτοῦ
292 2767 447 2845 ὀνομαστοὶ
467 2768 670 2844 Σπαρτιητέων,
683 2772 738 2828 τῶν
758 2769 812 2849 ε’γιδ
831 2767 866 2830 οἷς
884 2767 993 2844 ἀνδρῶν

190 2855 273 2926 ἀξίων
293 2858 446 2937 γενομένων
464 2856 607 2933 ἐπυθόμην
624 2856 660 2916 τά
678 2855 827 2934 ου’νόματα·
849 2855 995 2944 ε’τηυθόμην

191 2944 221 3002 δὲ
235 2944 280 3002 καὶ
294 2943 487 3004 ἁπάντωντῶν
499 2945 674 3020 τριηκοσίων·
696 2945 742 3003 καὶ
755 2945 789 3020 δὴ
802 2945 847 3004 καὶ
858 2945 995 3026 Περσέωγ

190 3032 326 3090 πίπτουσι
347 3032 464 3091 ἐνθαῦτα
482 3029 567 3091 ἄλλοι
585 3058 615 3091 τε
636 3035 741 3092 πολλοὶ
763 3033 807 3091 καὶ
828 3032 993 3110 ὀνομαστοὶ,

186 3123 219 3186 ,ἐν
233 3118 261 3176 δὲ
276 3116 311 3193 δη
325 3119 371 3177 καὶ
386 3121 505 3195 Δαρείου
522 3119 571 3178 δύο
587 3120 690 3190 παῖδες,
705 3121 885 3198 Ἀβροκόμης
901 3148 932 3181 τε
946 3123 996 3183 καὶ

191 3203 368 3280 Ὑπεράνθης,
385 3210 414 3264 ε’κ
432 3211 482 3280 τῆς
495 3205 631 3281 Ἀρτάνεω
646 3209 782 3289 θυγατρός
795 3209 997 3290 Φραταγούνης

190 3290 334 3368 γεγονότες
348 3293 465 3371 Δαρείῳ·
487 3291 502 3351 ό
524 3294 554 3352 δὲ
573 3293 708 3372 Ἀρτάνης
730 3297 850 3373 Δαρείου
869 3299 922 3372 μὲν
942 3304 996 3360 τοῦ
