2276 3554
161 128 205 171 ιιι
464 123 646 171 Ἡνοκουοτ
885 121 961 186 [vn.

161 205 207 264 ἕνα
225 208 316 283 χῶρον
334 201 453 282 μυριάδα
472 202 631 279 ἀνθρώπων,
647 203 692 260 καὶ
711 203 880 272 συνάξοντες
900 205 963 262 ταύ-

159 320 210 369 την
229 292 263 356 ὥς
276 292 404 369 μάλιστα
421 293 504 371 εἶχον,
519 293 709 373 περιέγραψαν
731 292 829 360 ἔξωθεν
850 291 962 352 κύκλον·

161 382 380 462 περιγράψαντες
399 381 436 450 δέ,
455 383 500 440 καὶ
521 381 634 457 άπέντες
655 381 719 444 τούς
740 381 861 458 μυρίους,
882 385 963 458 αἱμα-

162 470 227 546 σιήν
245 471 417 546 περιέβαλον
437 471 507 530 κατά
525 471 575 530 τόν
597 471 698 530 κύκλον
719 471 789 548 ὕψος
804 469 964 546 ἀνήκουσαν

160 559 237 635 ἀνδρὶ
252 564 279 621 ἐς
291 559 340 618 τόν
355 559 495 636 ὁμφαλδν,
510 560 613 636 ταύτην
627 561 656 618 δέ
670 561 845 634 ποιήσαντες,
857 558 964 623 ἅλλους

162 648 335 723 ἐσεβίβαζον
349 653 376 710 ἐς
388 647 422 707 τό
435 649 724 725 περιοικοδομημένον·
739 649 837 725 μέχρις
852 645 884 706 οὗ
895 649 962 708 πάν·

161 760 210 797 τας
228 735 318 816 τούτῳ
331 740 369 814 τῷ
382 736 475 816 τρόπῳ
490 737 688 814 ἐξηρίθμησαν·
710 734 916 812 α’ριθμήσαντες
935 737 963 796 δὲ

162 823 232 882 κατά
256 825 334 882 ἔθνεα
355 823 514 883 διέτασσον.

114 912 149 969 61
205 914 241 969 Θί
263 911 292 969 δὲ
311 911 526 989 στρατευόμενοι
547 912 604 970 οἵδε
617 911 700 987 ἦσαν·
722 912 834 988 Πέρσαι
846 915 898 989 μὲν
912 911 964 972 ὧδε

163 1001 373 1075 ἐσκευασμένοι·
394 1001 458 1077 περὶ
470 1003 522 1076 μέν
534 1005 602 1079 τῇσι
616 1005 761 1078 κεφαλῇσι
776 999 852 1078 εἶχον
867 999 964 1078 τιάρας

147 1089 354 1164 καλεομένους,
369 1089 469 1150 πίλους
483 1088 615 1170 ἀπαγέας·
637 1090 700 1165 περὶ
719 1089 748 1146 δὲ
765 1088 798 1148 τό
820 1093 903 1166 σῶμα
924 1117 964 1148 κι-

162 1177 251 1239 θῶνας
263 1177 437 1255 χειριδωτούς
450 1178 602 1246 ποικίλους,
616 1177 729 1238 λεπίδος
748 1177 878 1253 σιδηρέης
898 1177 965 1256 ὄψιν

162 1265 337 1342 ἰχθυοειδέος·
358 1266 422 1342 περὶ
443 1265 473 1324 δέ
492 1265 527 1324 τά
549 1266 654 1325 σκέλεα
671 1263 842 1342 ἀναξυρίδας,
858 1265 919 1326 άντὶ
934 1269 964 1326 δὲ

161 1351 287 1411 ἀσπίδων
311 1353 410 1434 γέρρα·
438 1352 493 1412 ύπδ
517 1353 555 1423 δὲ,
583 1358 770 1430 φαρετρεῶνες
796 1355 962 1430 ἐκρέμαντο·

161 1439 264 1518 αἰχμάς
285 1440 315 1498 δέ
334 1441 461 1519 βραχέας
482 1441 567 1520 εἶχον,
581 1443 650 1511 τόξα
670 1439 699 1500 δέ
717 1441 836 1523 μεγάλα,
851 1442 964 1508 ὀϊστούς

161 1527 190 1585 δὲ
208 1529 385 1603 καλαμίνους·
407 1529 478 1606 πρός
491 1529 529 1598 δέ,
544 1530 694 1611 ἐγχειρίδια
708 1529 784 1606 παραὶ
803 1531 853 1590 τόν
874 1531 964 1600 δεξιδν

160 1615 250 1691 μηρόν
271 1617 498 1694 παραιωρεύμενα
522 1623 552 1676 ἐκ
568 1623 618 1694 τῆς
637 1618 731 1694 ζώνης.
775 1619 819 1676 καὶ
841 1617 964 1698 ἄρχοντα

161 1707 328 1784 παρείχοντο
352 1703 478 1778 Ὀτάνεα,
504 1706 554 1766 τόν
577 1706 749 1784 Ἀμήστριος
773 1698 888 1784 πατέρα,
913 1713 964 1785 τῆς

161 1793 268 1870 Ξέρξεω
291 1793 429 1875 γυναικός.
470 1796 631 1874 (ἐκαλέοντο
659 1796 689 1854 δὲ
716 1795 806 1853 πάλαι
832 1795 887 1855 ύπδ
911 1799 964 1873 μέν

159 1880 305 1957 Ἑλλήνων
326 1885 468 1957 Κηφῆνες,
490 1882 544 1942 ύπᾶ
565 1884 660 1959 μέντοι
685 1885 781 1958 σφέων
806 1882 895 1943 αύτῶν
917 1887 963 1944 καὶ

160 1973 215 2028 τῶν
235 1973 381 2048 περιοίκων
393 1969 526 2046 Ἀρταῖοι·
549 1973 608 2030 ἐπεὶ
629 1971 658 2029 δὲ
676 1971 804 2047 Περσεύς
820 1971 835 2030 ὁ
850 1973 964 2050 Δανάης

159 2084 190 2116 τε
213 2059 258 2116 καὶ
280 2058 348 2122 Διός
370 2057 484 2117 α’πίκετο
506 2059 583 2135 παρὰ
604 2061 707 2135 Κηφέα
727 2060 776 2120 τόν
792 2061 897 2136 Βήλου,
917 2064 963 2122 καὶ

161 2147 228 2225 ἔσχε
242 2146 326 2204 αὐτοῦ
340 2146 392 2222 τήν
406 2147 543 2226 θυγατέρα
555 2148 749 2224 Ἀνδρομέδην,
764 2151 870 2229 γίνεται
890 2149 964 2230 αύτῷ

160 2234 224 2296 πάϊς
247 2239 285 2312 τῷ
310 2233 415 2310 οὔνομα
440 2236 517 2294 ἔθετο
544 2237 673 2312 Πέρσην·
700 2241 800 2296 τοῦτον
823 2237 852 2295 δέ
877 2237 964 2298 αύτοῦ

160 2322 330 2392 καταλείπει,
352 2321 486 2402 ἐτύγχανε
506 2323 561 2404 γάρ
578 2323 661 2386 ἅπαις
680 2324 730 2383 ἐιδν
749 2324 764 2384 ό
784 2325 902 2400 Κηφεύς
920 2328 962 2404 ἐρ-

159 2435 240 2472 σενος
260 2409 353 2490 γόνου,
373 2410 420 2468 ἐπὶ
439 2411 538 2470 τούτου
558 2412 656 2487 δὲτὴν
677 2415 832 2490 ἐπωνυμίην
853 2415 962 2495 ἔσχον.)

113 2499 150 2558 62
162 2497 257 2572 Μῆδοι
275 2497 304 2555 δὲ
325 2497 376 2572 τήν
398 2497 484 2574 αὐτήν
502 2499 604 2575 ταύτην
626 2501 794 2577 ἐσταλμένοι
816 2504 961 2577 ἐστρατεύ-

159 2611 233 2644 οντο·
255 2585 368 2661 Μηδικὴ
386 2585 442 2666 γάρ
461 2587 530 2664 αὕτη
549 2587 567 2664 ή
587 2587 674 2664 σκευή
693 2593 763 2658 ἐστι,
780 2589 824 2647 καὶ
843 2589 876 2647 οὔ
889 2595 961 2667 Περ-

160 2673 236 2750 σική.
280 2677 306 2733 οἱ
327 2674 357 2733 δὲ
370 2675 465 2750 Μῆδοι
479 2675 602 2755 ἄρχοντα
615 2679 666 2752 μὲν
679 2677 846 2754 παρείχοντο
860 2678 962 2758 Τιγρά-

159 2787 216 2837 νην,
231 2761 316 2839 άνδρα
329 2761 535 2842 Ἀχαιμενίδην.
571 2763 733 2844 (ἐκαλέοντο
746 2765 775 2822 δὲ
789 2763 879 2823 πάλαι
891 2765 962 2842 πρός

158 2849 267 2909 πάντων
283 2849 385 2927 Ἀριοι·
407 2849 575 2927 α’πικομένης
595 2852 625 2910 δὲ
645 2853 768 2928 Μηδείης
788 2856 839 2928 τῆς
853 2856 962 2933 Κολχί-

160 2937 206 3000 δος
226 2939 257 3007 ἐξ
268 2936 406 3014 Ἀθηνέων
423 2943 450 3002 ἐς
463 2938 528 3002 τούς
541 2939 651 3016 Ἀρίους
663 2939 785 3010 τούτους,
799 2941 963 3016 μετέβαλον

159 3027 205 3083 καὶ
223 3023 299 3084 οὗτοι
319 3026 352 3085 τό
374 3025 487 3102 οὕνομα·
511 3024 590 3086 αύτοὶ
610 3027 640 3086 δέ
660 3029 725 3106 περὶ
739 3027 871 3104 σφέωνῶ
889 3031 961 3090 ελέ-

158 3139 243 3191 γουσι
265 3113 380 3192 Μῆδοι.)
422 3114 543 3181 Κίσσιοι
564 3115 594 3173 δὲ
615 3117 832 3194 στρατευόμενοι
851 3117 888 3178 τά
908 3122 962 3197 μὲν

159 3199 236 3258 ἄλλα
254 3200 377 3276 κατάπερ
391 3201 502 3277 Πέρσαι
524 3202 701 3263 ἐσκευάδατο·
723 3205 783 3264 α’ντὶ
797 3205 827 3264 δὲ
841 3211 896 3266 τῶν
916 3209 961 3266 πί-

159 3289 224 3354 λων,
238 3287 408 3363 μιτρηφόροι
428 3287 512 3362 ήσαν.
555 3291 685 3350 Κισσίων
703 3293 732 3350 δὲ
750 3292 820 3371 ἦρχε
833 3293 962 3371 Ἀνάφης
