2282 3550
132 137 275 204 ιιι-ιιι]
439 138 624 187 nomm.
649 122 650 126 ’
888 139 933 186 211

130 219 180 278 οόκ
208 219 357 281 ἐθέλοντας
383 217 654 286 συνδιακινδυνεύειν,
682 218 817 276 κελεῦσαί
845 222 936 291 σφεας

129 305 384 366 ἀπαλλάσσεσθαι·
413 305 486 386 αὐτῷ
507 306 536 365 δέ
557 304 667 365 ἀπιέναι
688 304 720 365 οό
742 308 833 368 καλῶς
853 306 935 383 ἔχειν.

129 396 241 471 μένοντι
256 394 285 454 δέ
299 393 383 454 αὐτοῦ
395 394 476 456 κλέος
488 395 562 474 μέγα
573 393 707 462 ἐλείπετο,
720 392 793 468 καλή
805 391 937 470 Σπάρτης

130 481 291 559 εὐδαιμονίη
312 479 362 540 οίκ
383 482 557 557 ἐξηλείφετο·
581 481 714 560 ἐκέχρητο
734 480 789 559 γιίρ
810 479 865 541 όπό
885 485 936 557 τῆς

129 571 239 646 Πυθίης
262 574 339 629 τοῖσι
363 569 567 648 Σπαρτιήτῃσι,
589 569 773 647 χρεωμένοισι
796 569 860 646 περὶ
885 576 937 628 τοῦ

128 659 258 734 πολέμου
281 657 380 717 τούτου
404 655 502 716 αὐτίκα
523 656 582 717 κατ’
604 655 692 735 α’ρχός
713 658 895 737 ἐγειρομένου,
917 655 936 733 ἢ

128 744 327 820 Λακεδαίμονα
336 742 494 804 ἀνάστατον
504 745 637 824 γενέσθαι
647 743 702 804 όπό
715 748 770 804 τῶν
779 744 936 821 βαρβάρων

128 831 148 908 ἦ
160 833 211 892 τόν
224 833 352 908 βασιλέα
368 838 465 907 σφεων
479 831 660 892 α’πολέεσθιιι.
693 836 781 892 ταῦτα
795 832 826 893 δέ
838 839 894 908 σφι
908 837 937 892 ἐν

129 922 211 981 έπεσι
225 922 402 996 ἑξαμέτροισι
415 920 516 998 ἔχοντα
528 924 594 1000 χρᾷ,
609 921 730 1001 λέγοντα
743 917 805 980 ὦδε·

166 1065 228 1123 Τμῖν
246 1062 273 1122 δ’,
293 1061 312 1110 ιί
329 1063 446 1124 Σπάρτης
464 1063 585 1125 οἰκήτορες
602 1063 746 1124 εὐρυχόροιο,

161 1134 177 1195 ἢ
194 1136 261 1196 μέγα
278 1135 340 1183 ίίστυ
354 1133 452 1196 ’ρικυδὲς
470 1135 509 1182 ὑπ’
526 1135 625 1195 ἀνδράσι
642 1135 790 1195 Περσεΐδῃσι

161 1208 286 1268 πέρθεται·
305 1205 320 1266 ἢ
338 1207 367 1254 τὸ
383 1207 427 1264 μὲν
444 1208 506 1267 οὐχί,
527 1207 569 1268 ἀφ’
582 1208 731 1269 Ἡρακλέους
749 1208 775 1255 δέ
790 1207 907 1268 γενέθλης

161 1280 280 1338 πενθήσει
297 1279 391 1340 βασιλῆ
409 1279 521 1338 φθίμενον
537 1280 713 1337 Λακεδαίμονος
730 1278 804 1342 οὖρος.

162 1353 190 1400 οὐ
206 1353 256 1412 γὰρ
272 1352 314 1398 τὸν
331 1352 424 1411 ταύρων
441 1351 531 1410 σχήσει
547 1352 616 1408 μένος
634 1353 688 1399 οὐδὲ
705 1352 809 1399 λεόντων

162 1423 281 1485 ἀντιβίην
300 1422 373 1480 Ζηνὸς
389 1423 439 1483 γὰρ
456 1424 508 1482 ἔχει
523 1424 601 1480 μένος
620 1424 673 1470 οὐδέ
691 1424 702 1471 ἐ
719 1425 782 1484 φημί

161 1496 307 1556 σχήσεσθαι,
329 1495 384 1555 πρίν
396 1494 469 1542 τῶνδ’
488 1495 569 1555 ἕτερον
586 1495 625 1542 διδ
642 1495 723 1542 πιίντα
741 1496 852 1555 δάσηται.

127 1627 218 1689 ταῦτα’
230 1653 262 1688 τε
275 1627 309 1702 δή
324 1626 523 1708 ἐπιλεγόμενον
537 1628 683 1703 Λεωνίδην,
699 1629 744 1686 καὶ
758 1627 936 1704 βουλόμενον

129 1718 212 1780 κλέος
230 1715 401 1775 καταθέσθαι
422 1720 525 1791 μοῦνον
545 1717 748 1792 Σπαρτιητέων,
767 1715 933 1794 ἀποπέμψαι

127 1806 193 1869 τούς
221 1803 389 1882 συμμάχους
419 1807 540 1880 μᾶλλον,
572 1802 590 1879 ἦ
617 1803 714 1884 γνώμῃ
746 1804 935 1883 διενεχθέντας

129 1892 200 1953 οὕτω
214 1892 346 1968 α’κόσμως
363 1891 492 1970 οἴχεσθαι
508 1891 573 1955 τοός
588 1893 758 1970 οἰχομένους.
801 1892 914 1970 Μαρτό-
925 1895 980 1952 221

127 2007 189 2058 ριον
216 1981 249 2039 δέ
273 2005 322 2056 μοι
344 1979 390 2038 καὶ
411 1978 475 2039 τόδε
499 1978 548 2038 οόκ
573 1979 727 2058 ἐλάχιστον
748 1980 848 2040 τούτου
871 1982 936 2058 πέρι

127 2071 237 2151 γέγονε·
260 2067 292 2127 οὗ
310 2066 367 2149 γόρ
387 2071 491 2144 μοῦνον
511 2067 576 2131 τούς
596 2066 702 2132 ἅλλους
722 2068 799 2128 όλλοῖ
821 2070 867 2128 καὶ
886 2069 936 2129 τόν

128 2157 229 2234 μόντιν
246 2155 277 2219 ὃς
294 2156 386 2214 εἵπετο
406 2160 442 2234 τῇ
463 2161 582 2235 στρατιῇ
602 2155 698 2236 ταύτῃ,
714 2158 873 2238 Μεγιστίην
885 2157 935 2218 τόν

129 2243 288 2321 ’Λκαριήνα
301 2243 455 2324 λεγόμενον
469 2243 587 2303 εἶναιτὰ
601 2243 732 2304 ἀνέκαθεν
746 2244 802 2304 α’πό
816 2245 934 2323 Μελιίμ-

130 2334 223 2406 ποδος,
237 2336 338 2391 τοῦτον
352 2332 467 2390 εἴπαντα
482 2336 512 2390 ἐκ
525 2335 581 2391 τῶν
595 2336 659 2408 ἱρῶν
672 2333 708 2392 τό
722 2333 866 2409 μελλοντό
879 2341 936 2410 σφι

131 2423 271 2498 ἐκβαίνειν
296 2419 416 2496 φανερός
444 2425 506 2480 ἐστι
526 2421 664 2497 Λεωνίδης
688 2419 868 2499 ἀποπέμπων,
891 2423 935 2483 ἶνα

130 2509 169 2586 μή
191 2509 391 2584 συναπόληταί
409 2514 475 2583 σφι·
511 2507 527 2568 ό
547 2509 576 2567 δέ
597 2508 833 2587 ἀποπεμπόμενος
853 2509 937 2573 αότός

130 2601 180 2673 μὲν
202 2597 252 2657 οὐκ
271 2596 432 2670 ἀπελίπετο,
454 2597 503 2657 τόν
525 2596 554 2655 δέ
570 2597 656 2656 παῖδα
677 2597 935 2675 συστρατευόμενον

131 2685 211 2746 ἐόντα
224 2689 251 2744 οἱ
264 2686 433 2765 μουνογενέα
446 2684 602 2761 α’πέπεμψε.

171 2777 208 2833 Οἱ
221 2774 274 2850 μέν
288 2799 336 2834 νυν
350 2773 497 2852 σόμμαχοι
512 2776 538 2832 οἱ
555 2772 787 2850 ἀποπεμπόμενοι
803 2771 914 2850 οἴχοντό
924 2775 982 2832 222

130 2887 161 2922 τε
184 2860 321 2933 ἀπιόντες,
346 2861 392 2919 καὶ
420 2862 563 2921 ἐπείθοντο
587 2862 719 2939 Λεωνίδη·
748 2860 881 2922 Θεσπιέες
906 2860 935 2920 δέ

131 2951 176 3008 καὶ
196 2951 321 3025 Θηβαῖοι
343 2950 503 3025 κατέμειναν
524 2953 622 3025 μοῦνοι
640 2948 716 3025 παρό
736 2947 933 3024 Λακεδαιμονί-

131 3063 199 3097 οισι·
216 3036 321 3096 τούτων
335 3036 364 3094 δέ
378 3037 502 3112 Θηβαῖοι
515 3038 566 3112 μὲν
580 3036 707 3098 α’έκοντες
722 3037 826 3112 έμενον,
842 3036 887 3095 καὶ
901 3035 933 3096 οὗ

129 3124 313 3202 βουλόμενοι·
334 3128 445 3202 κατεῖχε
459 3125 513 3204 γάρ
527 3131 619 3198 σφεας
630 3123 767 3196 Λεωνίδης
781 3128 809 3180 ἐν
822 3121 943 3198 ὁμήρων,

129 3214 208 3295 λόγῳ
227 3237 398 3288 ποιευμενος·
420 3213 555 3272 Θεσπιέες
576 3211 605 3268 δὲ
627 3208 734 3269 ἐκόντες
754 3207 890 3282 μάλιστα,
908 3209 935 3266 οἳ

130 3301 180 3360 οόκ
203 3302 315 3376 ἔφασαν
335 3297 521 3358 ἀπολιπόντες
548 3293 688 3365 Λεωνίδην
712 3293 757 3348 καὶ
783 3292 848 3352 τούς
874 3292 935 3366 μετ’
