2282 3550
167 149 214 196 234
470 145 653 194 ἨΡΟΔΟΤΟΤ
877 148 969 212 [ἩΙῙ.

167 225 306 302 Προνηίης
323 223 480 301 Ἀθηναίης,
502 231 531 286 ἐν
550 225 637 304 τούτῳ
658 230 688 284 ἐκ
708 228 760 302 μὲν
780 229 830 287 τοῦ
852 226 971 306 ούρανοῦ

168 313 292 390 κεραυνοὶ
305 311 417 372 αῦτοῖσι
431 314 584 383 ἐνέπιπτον,
600 312 656 373 α’πὸ
677 313 707 373 δὲ
725 317 775 373 τοῦ
794 320 971 392 Παρνησσοῦ

166 400 369 481 ἀπορραγεῖσαι
384 399 432 460 δύο
447 402 567 478 κορυφαὶ
587 402 721 478 ἐφέροντο
739 406 839 482 πολλῷ
855 403 972 486 πατιίγῳ

116 507 118 514 ’
167 495 194 552 ἐς
209 488 315 558 αῦτοῦς,
330 489 376 546 καὶ
398 491 558 566 κατέλιὶβον
576 488 697 569 συχνούς
714 496 818 564 σφεων,
835 497 864 550 ἐκ
879 492 908 550 δὲ
921 498 972 552 τοῦ

168 581 227 655 ἱροῦ
246 581 297 652 τῆς
318 578 459 654 Προνηίης
474 577 533 653 βοή
554 603 585 636 τε
606 579 652 636 καὶ
671 577 838 655 ἀλαλαγμὸς
857 580 972 660 ἐγίνετο.

120 672 157 726 38
168 667 366 748 Συμμιγέντων
386 666 416 725 δὲ
435 665 538 726 τούτων
559 666 676 737 πάντων,
691 667 786 742 φόβος
804 671 880 727 τοῖσι
900 671 973 746 βαρ-

160 755 280 833 βάροισι
304 753 497 814 ἐνεπεπτώκεε·
519 754 655 832 μαθόντες
676 755 706 814 δὲ
728 758 755 813 οἱ
773 758 885 832 Δελφοὶ
906 758 973 832 φεῦ·

166 843 266 924 γοντιίς
288 849 388 919 σφεας,
406 842 625 920 ἐπικαταβάντες
642 841 806 903 α’πέκτειναν
818 845 928 920 πλῆθός
946 873 974 906 τι

168 933 266 992 αῦτιῦν·
316 935 342 991 οἱ
369 931 398 990 δέ
425 931 579 1007 περιεόντες
612 932 655 990 ἱθῦ
686 935 814 992 Βοιωτῶν
846 935 973 1014 ἔφευγον.

169 1023 266 1101 ἔλεγον
285 1021 314 1079 δέ
333 1023 359 1079 οἱ
378 1018 624 1096 ἀπονοστήσαντες
639 1017 715 1079 οὗτοι
733 1023 788 1079 τῶν
805 1021 973 1098 βαρβάρων,

170 1108 204 1173 αἱς
219 1109 272 1190 ἐγαὶ
286 1107 467 1184 πυνθάνομαι,
479 1107 514 1170 ὦς
527 1107 597 1184 πρός
606 1106 733 1167 τοῦτοισι
748 1108 794 1166 καὶ
807 1107 884 1168 ἄλλα
899 1108 975 1187 ὥρων

169 1199 238 1257 θεῖα·
267 1196 315 1256 δύο
336 1197 390 1277 γιὶρ
412 1196 530 1258 ὁπλίτας
554 1196 671 1272 μέζονας
691 1193 709 1272 ἢ
731 1197 801 1256 καταῖ
823 1195 975 1274 ἀνθρώπων

169 1285 257 1361 φῦσιν
268 1287 381 1364 ἔχοντας
392 1285 511 1344 ἕπεσθαί
522 1291 587 1359 σφι,
597 1284 751 1347 κτείνοντας
761 1285 806 1343 καὶ
817 1285 973 1351 διώκοντας.

121 1377 158 1433 39
168 1374 287 1436 Τούτους
298 1373 327 1432 δέ
340 1373 405 1436 τοῦς
416 1372 464 1432 δύο
474 1374 587 1448 Δελφοὶ
600 1373 718 1453 λέγουσι
730 1373 798 1431 εἶναι
813 1375 975 1453 ἐπιχωρίους

168 1461 265 1538 ἥρωας,
288 1461 419 1521 Φύλακόν
439 1487 470 1520 τε
492 1463 537 1519 καὶ
558 1460 708 1531 Αὐτόνοον,
730 1467 784 1520 τῶν
804 1461 840 1522 τεὶ
860 1463 976 1539 τεμένειί

169 1555 230 1609 ἐστι
243 1549 307 1626 περὶ
319 1548 352 1608 τῦ
368 1551 434 1625 ἱρόν,
450 1549 582 1609 Φυλάκου
598 1552 649 1626 μὲν
662 1549 727 1627 παρ’
742 1549 828 1627 αῦτήν
846 1552 898 1627 τήν
910 1551 976 1613 ὁδόν

171 1637 323 1715 κατύπερθε
353 1641 402 1696 τοῦ
431 1641 491 1714 ἱροῦ
522 1641 573 1714 τῆς
601 1639 748 1715 Προνηίης,
778 1639 918 1699 Αῦτονόου
945 1640 976 1700 δὲ

169 1727 258 1790 πέλας
284 1731 334 1802 τῆς
358 1727 529 1802 Κασταλίης,
554 1724 609 1785 ῦπιὶ
633 1731 668 1804 τῇ
692 1727 830 1806 Ὑαμπείῃ
855 1733 975 1806 κορυφῇ.

171 1818 198 1874 οἱ
211 1815 241 1874 δὲ
257 1815 391 1877 πεσόντες
403 1814 459 1873 α’πό
476 1819 526 1874 τοῦ
541 1814 719 1892 Παρνησσοῦ
736 1816 813 1875 λίθοι
831 1818 870 1874 ἔτι
890 1819 935 1875 καὶ
949 1822 977 1879 ἐς

168 1903 255 1980 ήμέας
281 1903 356 1979 ἦσαν
386 1903 458 1972 σόοι,
490 1907 518 1962 ἐν
549 1907 587 1982 τῷ
618 1905 725 1979 τεμένεϊ
756 1907 806 1979 τῆς
835 1905 977 1982 Προνηίης

169 1991 318 2069 Ἀθηναίης
340 1992 465 2068 κείμενοι,
486 1996 514 2055 ἐς
533 1991 566 2050 τό
588 1991 744 2070 ἐνέσκηψαν
765 1992 810 2051 διὰ
830 1996 885 2051 τῶν
904 1993 975 2070 βαρ-

167 2080 266 2158 βάρων
293 2079 452 2157 φερόμενοι.
492 2079 596 2139 τούτων
629 2080 681 2156 μέν
711 2106 759 2140 νυν
788 2083 843 2139 τιῦν
870 2079 977 2158 ἀνδρῶν

170 2168 239 2244 αῦτη
253 2168 309 2227 ἆπῦ
323 2173 373 2227 τοῦ
389 2170 448 2244 ἱροῦ
463 2166 617 2248 ἀπαλλαγή
631 2169 746 2249 γίνεται.

122 2260 160 2315 40
209 2256 244 2315 ‘O
279 2257 308 2314 δὲ
342 2255 487 2332 Ἑλλήνων
521 2257 648 2320 ναυτικὸς
682 2256 804 2334 στρατός
837 2255 893 2316 ἀπό
926 2260 978 2317 τοῦ

169 2343 357 2422 Ἀρτεμισίου,
391 2342 545 2420 Ἀθηναίων
579 2345 737 2420 δεηθέντων,
765 2349 793 2406 ἐς
829 2347 977 2420 Σαλαμῖνα

171 2433 299 2510 κατίσχει
311 2431 361 2495 τὰς
374 2436 451 2508 νῆας.
493 2433 577 2492 τῶνδε
598 2433 627 2492 δὲ
641 2433 730 2492 εἵνεκα
743 2432 978 2510 προσεδεήθησαν

172 2518 260 2581 αῦτιῦν
284 2523 366 2598 σχεῖν
386 2522 456 2597 πρὸς
481 2523 627 2597 Σαλαμῖνα
647 2519 799 2597 Ἀθηναῖοι,
829 2521 873 2578 ἱνα
898 2520 978 2580 αὐτοὶ

171 2608 272 2672 παῖδάς
304 2634 335 2668 τε
370 2610 416 2668 καὶ
448 2613 580 2690 γυναῖκας
610 2607 837 2690 ὑπεξαγάγωνται
867 2613 897 2667 ἐκ
927 2613 979 2684 τῆς

171 2695 308 2774 Ἀττικῆς,
333 2697 403 2774 πρός
427 2697 457 2756 δὲ
481 2699 526 2756 καὶ
551 2697 765 2773 βουλεύσωνται
788 2695 821 2756 τῦ
846 2698 979 2772 ποιητέον

172 2784 283 2845 αῦτοῖσὶ
298 2788 386 2860 ἔσται.
428 2786 474 2845 ἐπὶ
489 2785 543 2866 γὰρ
562 2789 638 2845 τοῖσι
658 2786 810 2861 κατήκουσι
827 2784 979 2864 πρήγμασι

172 2874 284 2950 βουλήν
297 2875 418 2950 ἔμελλον
431 2875 611 2949 ποιήσεσθαι,
626 2873 661 2936 (ῦς
676 2874 843 2950 ἐψευσμένοι
855 2872 978 2953 γνώμης·

173 2961 313 3024 δοκέοντες
326 2962 380 3042 γὰρ
395 2962 523 3038 εὑρήσειν
534 2963 783 3037 Πελοποννησίους
796 2962 934 3038 πανδημεὶ
948 2967 980 3022 ἐν

173 3051 208 3124 τῇ
229 3050 348 3127 Βοιωτίη
367 3049 590 3124 ῦποκατημένους
607 3051 656 3109 τόν
674 3051 834 3127 βόρβορον,
851 3053 907 3109 τῶν
926 3052 981 3126 μὲν

174 3131 254 3210 εῦρον
278 3135 356 3194 οῦδὲν
383 3135 436 3206 ἐὰν,
463 3139 489 3194 οἱ
516 3137 545 3195 δὲ
574 3138 758 3197 ἐπυνθάνοντο
785 3138 834 3197 τόν
859 3136 981 3215 Ἰσθμόν

175 3220 274 3284 αὐτοῦς
306 3222 470 3300 τειχέοντας,
505 3224 550 3281 καὶ
577 3224 629 3299 τήν
661 3225 883 3301 Πελοπόννησον
913 3227 981 3304 περὶ

175 3308 312 3366 πλείστου
348 3309 526 3374 ποιευμένους
559 3313 695 3384 περιεῖναί
729 3337 761 3372 τε
795 3314 842 3372 καὶ
874 3313 981 3384 ταύτην
