2276 3554
197 139 244 186 156
498 137 680 185 ἨΡΟΔΟΤΟΤ
917 138 922 200 Ι
932 140 983 188 VII

196 216 242 275 καὶ
254 214 401 293 Ἀθηνέων·
422 217 450 276 οἶ
462 216 492 276 δέ
505 216 560 276 άπό
573 215 728 294 Ἀρκαδίης·
751 219 777 276 οἶ
795 216 826 276 δέ
843 216 898 277 α’πό
919 219 994 279 Κύθ-

195 331 253 365 νου·
275 307 301 364 οἱ
323 305 352 365 δέ
372 303 428 366 άπά
451 306 587 381 Φοινίκης·
609 308 635 363 οἱ
656 305 685 363 δέ
706 303 762 364 α’πό
781 305 935 382 Αἰθιοπίης,
959 307 995 372 ὥς

194 391 274 453 αότοὶ
289 392 412 469 Κύπριοι
431 393 559 473 λέγουσι.
602 393 716 456 Κίλικες
734 393 763 450 δὲ
782 393 879 454 ἔκατὸν
899 395 994 472 παρεί-

194 507 279 560 χοντο
300 481 371 544 νέας·
399 478 475 540 οὗτοι
497 479 519 540 δ’
542 479 577 540 αὖ
598 481 662 557 περὶ
682 482 734 556 μὲν
756 484 824 559 τῇσι
849 486 995 561 κεφαλῇσι

148 572 184 628 91
198 569 298 646 κράνεα
321 568 462 647 ε’πιχιόρια,
486 568 606 643 λαισήϊά
631 594 662 628 τε
688 567 764 646 εἶχον
789 567 846 628 ἀντ’
868 567 996 632 άσπίδων

195 656 340 733 ὠμοβοέης
361 658 542 732 πεποιημένα,
565 656 610 714 καὶ
634 657 749 719 κιθῶνας
772 657 899 732 εἰρινέους
923 659 995 718 ε’νδε-

195 745 314 808 δυκότες·
335 744 384 804 δύο
405 744 436 802 δέ
456 743 569 804 ἀκόντια
593 745 710 806 ἕκαστος
733 745 779 804 καὶ
803 745 884 819 ξίφος
908 745 993 824 εἶχον,

194 832 341 913 ἀγχοτάτω
359 836 426 911 τῇσι
445 833 616 912 Αἰγυπτίῃσι
633 833 791 911 μαχαίρῃσι
810 835 993 910 πεποιημένα.

195 919 274 980 οὗτοι
293 925 345 999 μὲν
364 920 397 980 τό
417 921 539 980 παλαιόν
551 919 702 998 Ὑπαχαιοὶ
722 921 879 980 ἐκαλέοντο·
900 922 947 980 ε’πὶ
964 923 994 982 δὲ

195 1011 313 1073 Κίλικος
330 1012 380 1070 τοῦ
400 1007 560 1088 Ἀγήνορος,
577 1008 675 1086 οἷνδρὸς
688 1009 822 1078 Φοίνικος,
836 1009 921 1088 ἔσχον
941 1009 994 1086 τήν

194 1098 358 1174 ἐπωνυμίην.
401 1096 560 1172 Πάμφυλοι
587 1097 617 1156 δὲ
646 1096 793 1172 τριήκοντα
826 1098 993 1176 παρείχοντο

193 1188 255 1248 νέας
267 1185 460 1262 Ἑλληνικοῖσι
473 1183 589 1244 ὅπλοισι
603 1185 811 1260 ἐσκευασμένοι·
827 1186 854 1244 οἱ
867 1185 896 1244 δὲ
910 1185 992 1262 Πάμ-

193 1278 280 1347 φυλοι
302 1273 379 1333 οὗτοι
401 1273 456 1332 εἶσὶ
477 1276 531 1332 τῶν
554 1277 583 1331 ἐκ
604 1273 704 1348 Τροίης
725 1271 993 1334 ἀποσκεδασθέντων

146 1361 252 1438 92ἇμα
271 1361 440 1440 Ἀμφιλόχῳ
463 1361 508 1418 καὶ
531 1360 688 1439 Κάλχαντι.
729 1359 828 1418 Λύκιοι
850 1360 879 1419 δέ
897 1364 992 1440 παρεί-

192 1475 277 1528 χοντο
298 1450 360 1512 νέας
378 1447 558 1524 πεντήκοντα,
579 1448 772 1525 θωρηκοφόροι
789 1475 820 1507 τε
838 1448 927 1512 ε’όντες
946 1451 992 1510 καὶ

193 1537 403 1614 κνημιδοφόροι·
426 1537 501 1614 εἶχον
520 1537 549 1595 δὲ
570 1536 639 1606 τόξα
661 1537 795 1614 κρανέϊνα,
817 1537 862 1595 καὶ
880 1537 993 1602 όῖστούς

193 1626 362 1702 καλαμίνους
375 1625 510 1702 ἀπτέρους
524 1626 570 1684 καὶ
584 1623 706 1684 ἀκόντια·
728 1625 773 1682 ε’πὶ
787 1625 823 1697 δὲ,
840 1625 917 1706 αἰγός
933 1626 992 1703 δέρ-

191 1739 267 1791 ματα
291 1714 354 1791 περὶ
377 1712 440 1775 τούς
457 1711 554 1788 Ιὤμους
577 1712 756 1790 αἶωρεύμενα·
784 1713 848 1789 περὶ
871 1713 900 1772 δὲ
923 1717 993 1792 τῇσι

115 1845 116 1848 =
192 1807 337 1882 κεφαλῇσι
353 1803 453 1864 πίλους
466 1805 595 1878 πτεροῖσι
610 1801 926 1878 περιεστεφανωμένους·
948 1808 992 1884 ε’γ·

190 1890 352 1970 χειρίδιαδὲ
366 1890 412 1948 καὶ
426 1889 549 1964 δρέπανα
567 1888 650 1967 εἶχον.
693 1889 792 1948 Λύκιοι
813 1890 842 1948 δέ
854 1891 992 1966 Τερμίλαι

193 1979 348 2048 ἐκαλέοντο,
365 1983 394 2036 έκ
409 1976 524 2053 Κρήτης
544 1976 698 2057 γεγονότες·
720 1979 765 2036 ε’πὶ
786 1977 815 2036 δὲ
828 1977 926 2036 Λύκου·
941 1987 992 2040 τοῦ

192 2067 353 2136 Πανδίονος,
368 2063 466 2142 άνδρδς
480 2063 638 2140 Ἀθηναίου,
653 2066 737 2143 έσχον
757 2065 808 2140 τήν
826 2068 992 2143 ε’πωννμίην.

144 2158 181 2213 93
194 2155 312 2230 Δωριέες
332 2154 361 2211 δὲ
380 2157 407 2211 οἱ
426 2159 455 2211 ἐκ
474 2157 524 2228 τῆς
539 2151 639 2228 Ἀσίης
660 2153 807 2229 τριήκοντα
825 2155 994 2232 παρείχοντο

191 2243 261 2310 νέας,
276 2242 385 2320 ἔχοντές
397 2266 428 2299 τε
441 2240 595 2317 Ἑλληνικᾶ
614 2240 691 2300 ὅπλα
710 2243 755 2299 καὶ
772 2241 918 2322 γεγονότες
935 2242 993 2304 ἀπό

191 2327 420 2404 Πελοποννήσου.
465 2333 558 2406 Κᾶρες
571 2329 601 2386 δέ
616 2328 809 2406 ἐβδομήκοντα
824 2331 994 2410 παρείχοντο

190 2417 260 2490 νέας,
283 2417 319 2476 τά
339 2419 391 2492 μὲν
413 2414 490 2475 ἄλλα
510 2415 632 2494 κατάπερ
652 2415 791 2494 Ἕλληνες
813 2419 992 2494 ἐσταλμένοι·

191 2505 268 2585 εἶχον
282 2505 311 2565 δὲ
325 2506 371 2564 καὶ
384 2505 506 2582 δρέπανα
520 2506 566 2563 καὶ
583 2506 738 2586 ἐγχειρίδια.
783 2503 860 2565 οὗτοι
878 2505 907 2564 δὲ
925 2507 993 2567 οἵτι-

190 2620 234 2657 νες
260 2593 396 2670 πρότερον
426 2593 582 2662 ἐκαλέοντο,
612 2599 640 2652 έν
666 2597 743 2653 τοῖσι
771 2593 908 2670 πρώτοισι
937 2600 992 2656 τῶν

190 2683 283 2763 λόγων
306 2683 419 2759 εἴρηται.
456 2681 549 2744 Ἴωνες
568 2682 597 2740 δὲ
616 2682 713 2742 ἑκατόν
731 2683 793 2744 νέας
814 2683 992 2762 παρείχοντο,

143 2775 181 2831 94
193 2771 392 2848 ἐσκευασμένοι
420 2769 456 2834 κός
478 2770 626 2846 Ἕλληνες.
664 2769 756 2833 Ἴωνες
783 2771 821 2840 δὲ,
844 2769 914 2831 ὅσον
939 2773 992 2847 μὲν

189 2859 291 2938 χρόνον
310 2865 338 2920 έν
352 2859 562 2938 Πελοποννήσῳ
582 2860 670 2918 οἴκεον
689 2859 740 2934 τήν
756 2853 806 2915 νὺν
820 2859 993 2934 καλεομένην

189 2947 325 3026 Ἀχαιίην,
341 2949 386 3005 καὶ
404 2947 470 3024 πρὶν
488 2946 506 3023 ἢ
522 2947 633 3008 Δάναόν
652 2974 682 3006 τε
702 2948 748 3006 καὶ
766 2948 875 3008 Ξοῦθον
896 2945 992 3005 άπικέ-

190 3037 259 3096 σθαι
281 3041 307 3098 ἐς
325 3034 555 3111 Πελοπόννησον,
574 3035 608 3098 ὥς
621 3035 760 3112 Ἕλληνες
781 3036 908 3116 λέγουσι,
929 3039 992 3094 ε’κα-

190 3124 289 3182 λέοντο
303 3125 453 3202 Πελασγοὶ
467 3125 621 3203 Αἰγιαλέες·
643 3125 688 3182 ε’πὶ
705 3125 734 3182 δὲ
749 3123 844 3186 Ἴωνος
857 3126 907 3182 τοῦ
920 3121 991 3186 Ξού-

143 3213 180 3271 95
191 3212 241 3270 θου
257 3209 358 3274 Ἴωνες.
400 3216 547 3286 Νησιῶται
568 3211 598 3269 δὲ
620 3212 802 3271 ἑπτακαίδεκα
823 3212 992 3290 παρείχοντο

190 3300 259 3367 νέας,
274 3297 447 3375 ὠπλισμένοι
465 3298 500 3362 ὦς
513 3297 661 3375 Ἕλληνες·
683 3301 729 3360 καὶ
746 3303 829 3360 τοῦτο
844 3303 992 3380 Πελασγι-
