2258 3568
151 145 261 212 ιι-ιι]
447 135 658 200 mmm.
927 152 957 200 ιο

149 227 241 284 Λαΐου
257 232 397 304 χρησμῶν
409 227 584 302 Ἡρακληίην
602 229 653 303 τήν
673 234 701 286 έν
718 230 834 310 Σικελίῃ
848 231 956 301 κτίζειν,

150 313 210 389 φάς
225 314 277 390 τήν
291 313 411 392 Ἔρυκος
431 314 525 393 χώρην
541 320 638 375 πᾶσαν
657 317 726 375 εἶναι
739 317 955 394 Ἡρακληῖδέων,

149 401 235 462 αὐτοῦ
248 403 404 481 Ἡρακλέος
422 404 608 481 κτησαμένου.
651 403 666 464 ό
686 405 714 463 δὲ
731 404 854 469 ἀκούσας
866 411 954 466 ταῦτα

149 494 179 552 ἐς
203 491 336 566 Δελφούς
358 493 452 571 οἴχετο
478 491 654 571 χρησόμενος
677 497 716 572 τῷ
736 495 906 574 χρηστηρίῳ,
931 500 955 554 εἶ

148 579 236 654 αἱρέει
251 579 292 638 ἐπ’
308 578 343 655 ήν
360 581 513 639 στέλλεται
527 579 633 658 χάρην;
658 581 677 656 ή
699 582 728 640 δὲ
745 583 839 658 Πυθίη
857 586 883 642 οἱ
898 587 955 662 χρᾷ

149 667 287 743 αἱρήσειν·
309 668 486 745 παραλαβιλν
505 669 534 728 δὲ
550 669 565 728 ό
583 671 704 747 Δωριεύς
721 671 771 731 τόν
785 671 893 731 στόλον
905 673 955 732 τόν

148 755 196 812 καὶ
221 762 248 818 ές
272 756 384 833 Λιβύην
407 756 467 838 ἦγε,
491 759 632 834 ἐκομίζετο
653 758 728 835 παρά
749 759 801 834 τήν
820 758 953 835 Ἰταλίην.

147 842 206 902 Τόν
218 844 321 922 χρόνον
335 845 364 904 δὲ
377 850 484 915 τοῦτον,
499 846 534 908 ὦς
548 847 667 926 λέγουσι
681 848 845 924 Συβαρῖται,
861 849 953 922 σφέας
961 849 999 907 44

146 957 180 990 τε
193 931 293 996 αύτούς
313 935 358 992 καὶ
376 938 471 1010 Τῆλυν
488 934 538 994 τόν
556 938 661 994 ἑωυτῶν
677 936 804 1011 βασιλέα
818 937 864 995 ε’πὶ
878 935 952 1013 Κρό-

145 1043 221 1078 τωνα
240 1023 356 1098 μέλλειν
377 1022 591 1100 στρατεύεσθαι·
621 1022 686 1086 τούς
706 1023 735 1082 δὲ
756 1023 951 1100 Κροτωνιήτας

145 1109 289 1185 περιδεέας
301 1112 473 1191 γενομένους,
489 1112 619 1186 δεηθῆναι
634 1113 755 1189 Δωριέος
768 1113 856 1187 σφίσι
868 1137 950 1188 τιμω-

144 1200 234 1272 ρῆσαι
253 1199 298 1256 καὶ
316 1203 410 1277 τυχεῖν
429 1199 584 1274 δεήθεντας.
606 1199 851 1276 συστρατεύεσθαί
867 1225 897 1259 τε
916 1199 950 1276 δή

146 1285 193 1342 ε’πὶ
203 1285 329 1363 Σύβαριν
338 1288 447 1363 Δωριέα
458 1288 503 1345 καὶ
514 1291 642 1347 συνελεῖν
651 1287 703 1363 τήν
714 1287 848 1365 Σύβαριν.
862 1292 950 1347 ταῦτα

144 1373 199 1448 μέν
215 1399 264 1433 νυν
280 1377 437 1452 Συβαρῖται
453 1375 571 1456 λέγουσι
587 1381 706 1452 ποιῆσαι
725 1377 833 1453 Δωριέα
853 1403 884 1436 τε
903 1378 949 1436 καὶ

143 1460 210 1526 τούς
221 1462 281 1538 μετ’
294 1463 389 1522 αὐτοῦ·
418 1468 610 1540 Κροτωνιῆται
624 1464 653 1523 δέ
667 1463 764 1524 οὐδένα
775 1466 862 1539 σφίσι
873 1466 948 1540 φασὶ

66 1625 67 1628 ¹
145 1550 236 1618 ξεῖνον
253 1552 524 1628 προσεπιλαβέσθαι
539 1557 590 1612 τοῦ
606 1553 676 1630 πρός
693 1555 853 1630 Συβαρίτας
863 1556 946 1614 πολέ-

143 1663 208 1713 μου,
229 1643 253 1698 εἶ
270 1638 310 1716 μή
329 1641 462 1716 Καλλίην
479 1644 533 1700 τῶν
552 1638 695 1717 Ἰαμιδέων
714 1641 813 1718 μάντιν
832 1642 948 1702 Ἠλεῖον

143 1730 257 1802 μοῦνον,
274 1728 319 1785 καὶ
331 1732 431 1788 τοῦτον
447 1727 542 1807 τρόπῳ
557 1729 662 1807 τοιῷδε·
683 1729 760 1807 παρά
774 1729 883 1805 Τήλυος
896 1734 947 1790 τοῦ

144 1815 324 1892 Συβαριτέων
350 1817 484 1894 τυράννου
510 1815 669 1893 ἀποδράντα
695 1817 845 1878 ἀπικέσθαι
871 1819 948 1896 παρὰ

144 1903 245 1976 σφέας,
274 1905 336 1963 έπεί
360 1930 391 1963 τε
417 1907 444 1964 οἱ
470 1903 506 1964 τοὶ
531 1903 576 1981 ἱρά
601 1903 632 1962 ού
653 1904 811 1983 προεχώρεε
833 1906 946 1985 χρηστά

144 1991 269 2070 θυομένῳ
284 1992 329 2050 ἐπὶ
343 1991 488 2070 Κρότωνα.
530 1997 618 2052 ταῦτα
632 1992 661 2051 δὲ
675 1990 712 2052 ὧν
725 1990 802 2052 οὗτοι
818 1994 945 2073 λέγουσι.

143 2079 292 2156 Μαρτόρια
313 2081 342 2139 δὲ
361 2081 466 2140 τούτων
489 2079 613 2157 ἑκάτεροι
637 2079 848 2140 ἀποδεικνύουσι
870 2080 993 2144 τάδε·45

144 2169 301 2244 Συβαρῖται
319 2171 371 2245 μὲν
382 2169 496 2245 τέμενός
512 2195 543 2228 τε
562 2171 608 2228 καὶ
622 2169 689 2244 νηόν
707 2168 788 2229 ε’όντα
807 2169 883 2246 παραὶ
896 2170 945 2232 τόν

143 2255 228 2332 ξηρόν
243 2257 378 2333 Κράστιν,
389 2257 438 2316 τόν
453 2256 622 2334 ἱδρύσασθαι
633 2257 788 2317 συνελόντα
798 2257 850 2333 τήν
860 2259 945 2320 πόλιν

143 2344 253 2420 Δωριέα
261 2345 379 2425 λέγουσι
386 2344 520 2422 Ἀθηναίη
532 2344 662 2424 ἐπωνύμῳ
671 2345 812 2424 Κραστίῃ·
822 2349 944 2407 τοῦτοδὲ

142 2421 228 2483 αὐτοῦ
242 2427 362 2503 Δωριέος
374 2426 424 2486 τόν
439 2426 557 2485 θάνατον
570 2425 721 2504 μαρτύριον
735 2426 871 2507 μέγιστον
883 2455 944 2488 ποι-

142 2516 243 2582 εῦνται,
257 2512 300 2573 ὅτι
313 2513 389 2591 παρά
402 2513 437 2574 τά
450 2515 659 2592 μεμαντευμένα
676 2515 777 2574 ποιέων
794 2515 940 2594 διεφθάρη·

142 2603 166 2658 εἰ
187 2600 243 2681 γάρ
264 2601 296 2677 δή
317 2602 358 2680 μή
380 2603 539 2679 παρέπρηξε
561 2603 648 2679 μηδὲν
671 2602 713 2663 ἐπ’
737 2601 758 2682 ᾧ
781 2603 811 2662 δὲ
835 2605 943 2681 ε’στάλη

89 2705 91 2710 ’
141 2690 240 2759 ε’ποίεε,
255 2689 313 2748 εἷλε
331 2687 366 2749 ἂν
382 2689 435 2766 τήν
449 2689 594 2767 Ἐρυκίνην
614 2690 707 2770 χώρην
728 2691 774 2750 καὶ
793 2692 863 2752 ἔλων
879 2719 941 2752 κατ-

142 2775 219 2856 έσχε,
234 2776 290 2836 οὐδ’
304 2775 338 2838 ἂν
351 2777 434 2840 αὐτός
446 2805 476 2838 τε
491 2778 536 2837 καὶ
548 2779 567 2854 ή
580 2780 699 2856 στρατιή
715 2779 862 2856 διεφθάρη.
878 2784 904 2838 οἱ
917 2781 941 2839 δ’

140 2862 176 2922 αὖ
190 2869 380 2942 Κροτωνιῆται
392 2865 571 2926 ἀποδεικνῦσι
590 2867 706 2946 Καλλίῃ
724 2869 776 2944 μὲν
788 2869 826 2944 τῷ
838 2865 942 2948 Ἠλείῳ

141 2951 269 3030 ἐξαίρετα
282 2959 310 3013 έν
322 2957 361 3034 γῇ
373 2959 409 3033 τῇ
425 2955 629 3031 Κρωτωνιήτιδι
645 2954 743 3014 πολλοὶ
756 2955 879 3025 δοθέντα,
895 2956 941 3036 (τά

140 3040 187 3098 καὶ
201 3045 229 3103 ές
242 3044 290 3118 ἐμὲ
304 3043 343 3100 ἔτι
354 3043 482 3118 ένέμοντο
493 3045 519 3101 οἱ
530 3043 663 3101 Καλλίεω
673 3041 830 3122 άπόγονοι,)
841 3046 943 3119 Δωριέι

140 3127 171 3187 δὲ
181 3129 227 3186 καὶ
236 3133 313 3188 τοῖσι
323 3131 444 3206 Δωριέος
454 3128 621 3209 α’πογόνοισι
632 3127 721 3187 οὐδέν·
736 3129 825 3186 καίτοι
840 3133 863 3186 εἰ
876 3155 940 3188 συν-

140 3217 298 3294 επελάβετό
319 3243 352 3298 γε
375 3221 425 3277 τοῦ
450 3219 637 3292 Συβαριτικοῦ
659 3215 787 3289 πολέμου
811 3215 939 3290 Δωριεύς,

139 3304 254 3381 δοθῆναι
262 3305 296 3364 ἅν
304 3308 331 3364 οἶ
340 3303 549 3364 πολλαπλάσια
559 3299 577 3376 ἢ
586 3300 709 3374 Καλλίῃ.
734 3303 821 3358 ταῦτα
829 3301 881 3373 μέν
891 3322 939 3356 νυν
