2276 3554
153 165 229 233 6—8]
454 167 650 216 ἀολυιιιιικ.
915 169 958 218 ιιι

151 247 237 306 αὐτοῦ
257 246 378 323 σεμνοδς
397 246 509 328 λόγους,
532 247 665 328 κατέλεγε
685 250 741 307 τῶν
761 251 906 326 χρησμῶν
931 251 956 308 εἰ

150 334 203 411 μέν
222 361 251 394 τι
272 334 343 395 ἐνέοι
359 335 485 412 σφάλμα
506 335 594 413 φέρον
611 339 650 414 τῷ
669 335 819 416 βαρβάρῳ,
837 340 892 395 τῶν
907 340 959 414 μὲν

152 425 232 505 ἔλεγε
259 423 348 500 οὐδέν·
383 424 399 485 ό
427 425 457 483 δὲ
484 424 520 484 τά
548 423 740 502 εὐτυχέστατα
768 423 957 504 ἐκλεγόμενος,

153 514 233 592 ἔλεγε
252 510 301 571 τόν
319 539 350 571 τε
363 513 590 588 Ἑλλήσποντον,
605 512 641 574 ώς
655 513 804 589 ζευχθῆναι
818 512 902 590 χρεόν
918 514 960 590 εἴη

152 599 197 658 ὑπ’
206 599 306 677 ἀνδρός
317 601 445 678 Πέρσεω,
454 601 506 677 τήν
518 627 550 661 τε
561 603 660 660 ἔλασιν
671 599 860 681 ἐξηγεόμενος.
881 598 961 664 οὗτός

151 715 182 747 τε
203 689 238 764 δή
263 689 453 769 χρησμῳδέων
470 689 673 767 προσεφέρετο,
697 689 742 746 καὶ
760 688 790 747 οἶ
810 714 841 748 τε
863 695 962 747 Πεισι-

152 777 301 852 στρατίδαι
315 779 361 836 καὶ
375 781 402 837 οί
413 777 564 838 Ἀλευάδαι
577 776 689 858 γνώμας
703 776 937 852 ἀποδεικνύμενοι.

192 865 243 929 Ὡς
264 865 295 926 δέ
312 865 476 949 ἀνεγνώσθη
493 867 599 944 Ξέρξης
617 865 823 942 στρατεύεσθαι
845 865 890 924 ἐπὶ
908 866 960 942 τήν
977 867 993 926 7

152 952 291 1024 Ἑλλάδα,
303 956 423 1016 ἐνθαῦτα
436 956 552 1035 δευτέρῳ
561 958 613 1032 μὲν
627 956 681 1014 έτεῖ
694 954 766 1031 μετὰ
778 955 828 1014 τόν
843 953 962 1014 θάνατον

154 1041 204 1102 τδν
227 1045 357 1120 Δαρείου,
381 1047 478 1122 πρῶτα
502 1044 657 1120 στρατηίην
681 1043 805 1102 ποιέεται
829 1041 875 1102 ἐπὶ
897 1041 962 1105 τούς

154 1129 344 1194 ἐπεστεῶτας.
378 1132 493 1196 τούτους
505 1133 558 1209 μέν
571 1158 620 1192 νυν
634 1131 906 1209 καταστρεψάμενος,
916 1129 962 1190 καὶ

154 1220 298 1300 Αἴγυπτον
315 1225 414 1280 πᾶσαν
434 1219 545 1280 πολλόν
566 1219 735 1296 δουλοτέρην
748 1219 870 1295 ποιήσας
883 1217 901 1294 ἢ
916 1219 961 1278 ἐπὶ

154 1309 276 1384 Δαρείου
296 1307 339 1384 ἦν,
353 1311 494 1387 ἐπιτρέπει
507 1309 675 1388 Ἀχαιμένεϊ,
691 1307 820 1387 άδελφεῷ
832 1311 883 1385 μὲν
898 1312 960 1367 ἑωυ-

153 1400 204 1456 τοῦ
218 1399 338 1473 Δαρείου
357 1398 386 1456 δὲ
405 1399 493 1458 παιδί.
534 1397 703 1476 Ἀχαιμένεα
722 1398 775 1473 μέν
790 1423 838 1457 νυν
851 1402 959 1474 ἐπιτρο-

153 1485 275 1544 πεύοντα
293 1486 437 1565 Αἰγύπτου
455 1486 546 1566 χρόνῳ
567 1485 716 1562 μετέπειτα
734 1485 870 1561 ἐφόνευσε
889 1484 960 1546 Ἰνά-

153 1599 207 1648 ρως
227 1573 244 1632 ό
265 1575 453 1654 Ψαμμιτίχου,
475 1573 545 1651 άνήρ
566 1574 668 1650 Λίβυς.
706 1574 817 1682 ΑΞέρξης
839 1573 868 1633 δὲ
888 1572 993 1650 μετά8

154 1661 299 1770 Αἶγήπτου
319 1662 470 1772 ἅλωσιν,“
450 1689 485 1726 ως
502 1664 604 1737 ἔμελλε
625 1667 653 1724 ἐς
672 1665 767 1741 χεῖρας
788 1660 959 1731 ἄξεσθαι
925 1687 959 1721 το

153 1749 318 1827 στράτευμα
329 1777 362 1810 το
354 1750 422 1809 ἐπὶ
435 1750 484 1813 τάς
496 1749 625 1826 Ἀθήνας,
640 1749 788 1830 σόλλογον
808 1750 960 1824 ἐπίκλητον

154 1839 291 1914 Περσέων
309 1842 364 1898 τῶν
384 1838 506 1915 ἀρίστων
526 1839 658 1907 ἐποιέετο,
673 1838 718 1896 ἵνα
737 1837 849 1946 γνώμας
864 1863 896 1896 τε
908 1837 959 1896 πό-

153 1928 239 2001 θηται
252 1927 348 2001 σφέων
362 1929 407 1985 καὶ
420 1926 503 1990 αυτός
516 1931 544 1985 ἐν
558 1931 631 1986 πᾶσι
644 1951 708 2004 ειπρ
721 1951 757 1984 τα
748 1925 901 1985 θέλει·
881 1952 916 1988 ως
930 1925 959 1984 δέ

153 2014 377 2092 συνελέχθησαν,
392 2015 456 2083 έλεξ
456 2041 469 2073 ε
440 2015 588 2091 Ξερξης
603 2012 678 2074 τάδε·
700 2025 718 2050 “
727 2012 823 2090 ἄνδρες
837 2015 958 2091 Πέρσαι,

152 2101 211 2160 οὔτ’
224 2101 307 2165 αότός
328 2102 524 2183 κατηγήσομαι
545 2103 631 2179 νόμον
650 2101 729 2162 τόνδε
744 2107 772 2160 ἐν
785 2101 852 2178 ώμῖν
865 2103 957 2171 τιθεὶς,

152 2189 379 2265 παραδεξάμενός
394 2215 425 2249 τε
445 2189 517 2268 αὐτῷ
530 2189 685 2268 χρήσομαι·
708 2189 743 2252 ώς
757 2191 811 2271 γάρ
827 2189 880 2271 ἐγώ
894 2216 959 2249 πυν-

152 2275 275 2352 θάνομαι
288 2281 344 2336 τών
355 2279 563 2356 πρεσβυτέριον,
577 2277 687 2354 οὐδαμά
700 2305 738 2336 κω
751 2277 959 2356 ἠτρεμήσαμεν,

152 2365 218 2422 ἐπεί
241 2391 273 2424 τε
299 2365 559 2442 παρελάβομεν
524 2391 576 2442 την
602 2365 753 2446 ήγεμονίην
779 2367 860 2442 τήνδε
883 2367 959 2444 παρά

153 2452 261 2528 Μήδων
275 2454 371 2530 Κύρου
393 2453 558 2516 κατελόντος
570 2453 740 2536 Ἀστυάγεα·
762 2453 840 2514 άλλά
854 2455 917 2518 θεός
929 2481 959 2514 τε

152 2533 226 2600 οὕτω
244 2541 314 2622 ἄγει,
331 2543 377 2600 καὶ
395 2541 506 2602 αὐτοῖσι
526 2541 595 2619 ήμῖν
615 2543 746 2602 πολλα’
734 2544 870 2603 επέπουσι
887 2570 958 2620 συμ-

152 2628 301 2705 φέρεται’
289 2630 335 2688 επὶ
353 2630 388 2690 τό
409 2629 527 2707 ἄμεινον.
570 2629 606 2690 τά
618 2632 670 2706 μέν
686 2658 733 2691 νυν
748 2632 841 2708 Κυρός
861 2658 892 2691 τε
913 2633 957 2690 καὶ
994 2675 999 2684 -

153 2718 319 2793 Καμβύσης
342 2717 435 2795 πατήρ
458 2745 490 2778 τε
514 2718 581 2796 ἐμός
604 2724 722 2796 Δαρεῖος
749 2721 958 2800 κατεργάσαντο

151 2805 202 2862 καὶ
220 2807 452 2882 προσεκτήσαντο
471 2808 558 2878 ἔθνεα,
574 2809 786 2884 ἐπισταμένοισι
809 2807 837 2867 εὖ
857 2808 907 2868 οὐκ
924 2807 958 2868 όν

150 2919 196 2955 τις
216 2895 306 2974 λέγοι·
331 2895 385 2976 ἐγώ
408 2895 437 2954 δὲ
459 2897 520 2954 ἐπεί
539 2921 570 2956 τε
591 2897 758 2972 παρέλαβον
777 2895 827 2956 τόν
850 2895 957 2974 θρόνον,

149 2983 238 3040 τοῦτο
259 2982 430 3060 ἐφρόντιζον,
445 2981 514 3046 ὅκως
532 2983 573 3060 μή
594 2984 729 3061 λείψομαι
747 2989 802 3043 τῶν
820 2985 956 3062 πρότερον

149 3072 309 3148 γενομένων
322 3076 351 3130 ἐν
363 3097 431 3150 τιμη
418 3071 519 3149 τῇδε,
530 3071 600 3147 μηδὲ
612 3070 727 3129 ἐλάσσω
739 3073 958 3146 προσκτήσομαι

149 3155 271 3234 δυναμιν
284 3160 427 3238 Πέρσησι.
469 3157 622 3235 φροντίζων
643 3155 720 3214 δὲ
692 3157 809 3229 ευρίσκω
829 3155 888 3228 ἅμα
907 3158 959 3228 μὲν

149 3243 277 3308 Κῧδος
258 3272 328 3322 ημιν
351 3271 382 3305 τε
409 3243 639 3324 προσγινόμενον,
665 3241 757 3316 χώρην
780 3263 812 3294 τε
834 3242 885 3308 τῆς
909 3261 958 3293 νυν

150 3331 349 3409 ἐκτήμεθα’
317 3359 367 3392 ουκ
389 3332 535 3392 ἐλάσσονα
554 3327 616 3385 ουδὲ
630 3321 831 3395 φλαυροῐφηνι
844 3323 958 3384 vam·
