2276 3554
156 154 204 202 ιιι
462 151 644 200 Ἦνοοοτοτ
881 149 957 214 [vn.

135 301 137 305 Α
155 233 261 312 ήμέρης
280 233 311 293 δὲ
331 232 544 309 ἐπιλαμψάσης,
558 229 666 308 ὀνείρου
684 231 736 308 μὲν
752 229 854 292 τοιίτου
870 229 958 311 λόγον

156 321 254 382 οόδένα
275 322 406 390 ἐποιέετο,
427 316 442 379 ὀ
459 320 489 378 δὲ
508 319 641 396 Περσέων
658 319 817 380 συναλίσας
833 316 897 380 τούς
912 320 959 380 καὶ

156 410 292 489 πρότερον
305 410 445 479 συνέλεξε,
461 409 542 489 ἐλεγέ
550 414 607 482 σφι
616 405 691 466 τάδε.
706 417 723 441 “
731 404 827 482 ἅνδρες
838 406 958 483 Πέρσαι,

156 497 326 582 Ιτνυγγνιίμην
345 523 394 575 μοι
415 498 491 576 ἔχετε
512 495 555 555 ὅτι
572 495 756 576 ἀγχίστροφα
773 493 958 572 βουλεύομαι·

159 591 268 665 φρενῶν
280 611 312 646 τε
324 585 380 668 γάρ
395 590 421 648 ἐς
434 585 469 644 τά
483 586 620 661 ἐμεωυτοῦ
637 587 735 660 πρῶτα
752 580 785 640 οὔ
803 607 841 639 κω
859 580 958 658 άνήκω,

157 676 204 734 καὶ
220 678 246 734 οἱ
262 672 501 754 παρηγορεόμενοι
520 676 596 732 κεῖνα
614 671 718 729 ποιέειν
740 668 837 728 οὐδένα
857 669 960 749 χρόνον

157 789 209 840 μευ
229 761 391 841 ὀπέχονται·
420 759 574 820 ἀκούσαντι
594 760 690 836 μέντοι
716 783 766 834 μοι
791 761 842 833 τῆς
861 756 960 835 Ἀρπα-

157 851 247 927 βάνου
267 850 385 932 γνιίμης,
408 849 565 926 παραυτίκα
591 849 643 924 μέν
668 846 688 922 ή
716 845 810 922 νεότης
837 847 959 917 ἐπέζεσε,

157 939 229 998 ὥστε
247 938 411 1015 αἐικέστερα
429 937 584 1014 α’πορρίψαι
602 937 670 994 ἔπεα
684 940 712 998 ἐς
728 932 815 1012 άνδρα
832 934 960 1011 πρεσβεί-

156 1053 237 1106 τερον
259 1025 277 1103 ἢ
301 1025 394 1106 χρεόν·
415 1029 464 1085 νῦν
481 1026 577 1102 μέντοι
595 1023 742 1105 ουγγνοός,
761 1022 906 1102 χρήσομαι
924 1029 961 1102 τῇ

157 1117 261 1175 ἐκείνου
278 1115 383 1196 γνώμῃ·
406 1114 441 1178 οἷς
458 1113 495 1174 ὧν
508 1113 745 1192 μεταδεδογμένον
757 1137 807 1189 μοι
819 1111 860 1187 μή
874 1137 960 1188 στρα-

112 1204 290 1275 [marom
310 1205 356 1262 ἐπὶ
378 1202 432 1279 τήν
456 1202 590 1274 Ἑλλάδα,
612 1200 719 1278 ἦσυχοί
737 1198 828 1259 ἐστε.”
849 1200 961 1277 Πέρσαι

157 1295 209 1369 μὲν
229 1291 264 1356 οἷς
283 1291 408 1368 ἤκουσαν
433 1295 530 1360 ταῦτα,
555 1289 738 1368 κεχαρηκότες
763 1287 960 1365 προσεκύνεον·

160 1379 256 1442 νυκτός
273 1379 303 1438 δέ
318 1380 476 1460 γενομένης,
493 1377 570 1441 αιἰτις
585 1376 674 1437 τοίυτό
694 1376 801 1454 ὄνειρον
813 1379 851 1455 τῷ
869 1376 961 1455 Ξέρξη

155 1469 357 1546 κατυπνωμένῳ
378 1469 457 1548 ἔλεγε
478 1466 606 1538 ἐπιστάν·
631 1465 679 1524 “ὀι
697 1469 749 1524 παῖ
767 1465 895 1543 Δαρείου,
915 1467 961 1524 καὶ

158 1555 192 1632 δή
207 1557 318 1631 φαίνεαι
337 1561 365 1615 ἐν
385 1557 519 1635 Πέρσῃσί
530 1581 561 1615 τε
574 1553 763 1632 ἀπειπάμενος
775 1552 827 1629 τήν
840 1578 961 1630 στρατη-

159 1643 271 1719 λασίην,
286 1644 331 1702 καὶ
349 1644 384 1703 τά
403 1644 456 1720 ἐμά
473 1645 540 1702 ἔπεα
554 1648 584 1702 ἐν
598 1643 686 1702 οόδενὶ
700 1641 862 1718 ποιεύμενος
875 1639 961 1722 λόγῳ,

160 1731 195 1796 ὥς
207 1731 272 1810 παρ’
287 1731 395 1796 οόδενός
408 1730 540 1796 ἀκούσας·
562 1730 592 1790 εὖ
606 1757 654 1790 νυν
666 1730 699 1790 τό
716 1730 723 1750 ’
737 1730 806 1799 ίσθι,
819 1728 907 1806 ήνπερ
920 1729 961 1806 μή

158 1820 257 1881 αὐτίκα
270 1821 489 1899 στρατηλατέῃς,
503 1820 569 1879 τάδε
583 1845 626 1879 τοι
636 1819 667 1888 ἐξ
677 1817 767 1878 αὐτῶν
777 1817 961 1896 ἀνασχήσειν·

158 1908 194 1973 ὥς
214 1910 260 1968 καὶ
279 1910 367 1990 μέγας
388 1909 434 1968 καὶ
455 1909 564 1971 πολλός
587 1908 677 1988 ἐγένεο
701 1911 730 1966 ἐν
753 1903 841 1987 ὀλίγῳ
861 1905 961 1986 χρόνῳ,

114 1999 149 2056 15
159 1997 229 2057 οὕτω
243 1999 289 2056 καὶ
301 1997 431 2060 ταπεινός
445 1996 536 2056 ὀπίσω
550 1995 620 2054 κατά
630 1994 716 2074 τάχος
726 1992 829 2053 ἐσεαι.”
857 1993 963 2070 Ξέρξης

159 2089 219 2163 μέν,
236 2085 363 2163 περιδεής
378 2084 526 2166 γενόμενος
542 2088 578 2162 τῇ
596 2082 669 2161 ὄψει,
686 2081 739 2142 οἷνά
758 2108 790 2142 τε
811 2082 911 2158 ἔδραμε
932 2087 962 2141 ἐκ

158 2178 209 2250 τῆς
232 2175 333 2250 κοίτης,
358 2174 404 2232 καὶ
426 2174 531 2249 πέμπει
557 2171 680 2253 ἄγγελον
708 2172 754 2230 ἐπὶ
781 2170 962 2248 Ἀρτάβανον

160 2263 306 2321 καλέοντα·
339 2260 496 2340 α’πικομένιρ
526 2261 558 2320 δέ
586 2263 613 2319 οἶ
644 2261 723 2341 ἔλεγε
755 2260 861 2337 Ξέρξης
886 2259 962 2319 τάδε·

159 2361 177 2386 “
184 2349 352 2426 Ἀρτάβανε,
367 2349 421 2430 ἐγοὶ
434 2349 466 2409 τό
479 2348 637 2426 παραυτίκα
650 2351 702 2425 μὲν
716 2348 765 2408 οόκ
777 2348 962 2426 ἐσωφρόνεον,

159 2440 238 2501 εἶπας
251 2443 279 2501 ἐς
291 2439 326 2498 σέ
338 2437 443 2515 μάταια
456 2439 523 2496 ἔπεα
536 2443 663 2516 χρηστῆς
674 2437 763 2497 εἶνεκα
773 2437 963 2512 συμβουλίης·

159 2525 230 2604 μετά
250 2526 346 2603 μέντοι
367 2525 399 2585 οὖ
418 2525 529 2585 πολλόν
546 2525 649 2604 χρόνον
664 2526 811 2606 μετέγνων,
831 2525 916 2605 ἔγνων
934 2525 965 2584 δέ

158 2613 246 2675 ταῦτά
266 2639 315 2691 μοι
335 2614 452 2690 ποιητέα
473 2613 554 2673 ἐόντα
571 2613 607 2672 τά
624 2613 661 2672 σι)
680 2611 832 2688 ὀπεθήκαο.
875 2611 965 2672 οὔκων

159 2702 274 2767 δυνατός
286 2728 331 2763 τοι
345 2704 400 2780 εἰμὶ
413 2707 501 2762 ταῦτα
517 2702 621 2762 ποιέειν
639 2700 825 2778 βουλόμενος·
846 2725 965 2778 τετραμ-

159 2792 232 2870 μένῳ
253 2791 309 2872 γάρ
332 2791 366 2867 δή
394 2790 440 2850 καὶ
466 2789 650 2871 μετεγνωκότι
678 2778 830 2866 ἐπιφοιτῶν
857 2787 965 2867 ὅνειρον

160 2878 332 2956 φαντάζεταί
345 2905 402 2956 μοι,
422 2877 547 2953 οόδαμῶς
563 2879 735 2940 συνέπαινον
749 2875 795 2937 ἐόν
811 2877 916 2937 ποιέειν
928 2903 965 2954 με

158 2971 256 3027 ταῦτα·
280 2970 330 3027 νῦν
348 2967 377 3025 δέ
396 2967 441 3024 καὶ
458 2965 645 3040 διαπειλῆσαν
664 2965 781 3045 οἴχεται·
806 2969 831 3024 εί
846 2964 883 3025 ὧν
902 2965 966 3029 θεός

160 3059 222 3114 ἐστι
243 3053 260 3114 ὀ
284 3055 455 3130 ἐπιπέμπων,
478 3053 526 3111 καί
548 3056 575 3112 οἱ
598 3053 705 3116 πάντως
732 3057 762 3113 ἐν
787 3051 875 3132 ήδονῇ
902 3057 965 3112 ἐστι

159 3143 291 3224 γενέσθαι
299 3141 511 3218 στρατηλασίην
522 3141 567 3199 ἐπὶ
576 3139 628 3216 τήν
635 3140 770 3210 Ἑλλάδα,
779 3141 966 3216 ἐπιπτήσεται

161 3231 206 3288 καὶ
225 3230 273 3288 σοὶ
289 3228 377 3289 τιόυτό
395 3233 479 3288 τοῦτο
497 3226 605 3304 ὄνειρον
617 3227 719 3306 ὁμοίως
733 3229 779 3288 καὶ
795 3230 858 3302 ἐμοὶ
872 3233 965 3288 ἐντελ-

161 3316 289 3388 λόμενον·
305 3316 422 3392 εὑρίσκω
432 3315 462 3374 δὲ
474 3312 526 3375 ὧδε
535 3314 570 3375 ἂν
579 3316 713 3395 γινόμενα
722 3320 818 3388 ταῦτα,
827 3321 852 3378 εἰ
861 3316 966 3395 λάβοις
