2250 3552
170 135 217 184 276
477 135 660 183 ἨΡΟΔΟΤΟΤ
872 128 963 190 [VIII.

167 215 279 288 ἔφασαν
292 213 391 270 δίκαιοι
408 213 477 272 εἶναι
494 210 698 289 άπολαβόντες,
712 211 781 272 οὕτω
796 210 903 281 ἐξιέναι·
926 214 967 270 ε’ν·

169 301 257 360 θαῦτα
273 298 289 359 6
306 299 447 375 βασιλεδς
459 303 510 360 τοῦ
523 301 628 376 μισθοῦ
641 301 705 376 πέρι
719 298 849 371 α’κούσας,
864 297 899 374 ἦν
911 297 968 379 γάρ

169 387 238 446 κατά
254 387 307 462 την
326 388 499 464 καπνοδόκην
517 394 544 451 ἐς
561 387 611 448 τάν
630 387 706 447 οἶκον
723 388 828 465 ἐσέχων
845 386 862 446 6
877 385 966 463 ἥλιος,

168 475 227 534 εἶπε
248 475 415 552 θεοβλαβής
437 475 594 557 γενόμενος·
622 486 639 511 “
647 473 752 551 μισθόν
773 475 803 534 δέ
821 474 887 551 ὖμῖν
913 474 968 554 ἐγω

167 562 256 640 ὑμέων
274 561 352 633 ἄξιον
368 563 446 624 τόνδε
460 562 641 640 άποδίδωμι·”
654 563 744 633 δείξας
756 562 807 623 τάν
819 562 907 638 ἥλιον.
949 559 965 622 6

169 654 220 727 μὲν
239 651 273 727 δὴ
292 651 418 727 Γαυάνης
430 678 461 712 τε
474 651 549 711 καὶὸ
566 651 708 729 Ἀέροπος,
724 654 750 710 οἱ
767 650 966 728 πρεσβύτεροι,

169 739 294 799 ἔστασαν
316 741 547 821 ἐκπεπληγμένοι,
570 739 606 804 ὥς
627 738 752 816 ἤκουσαν
771 742 868 798 ταῦτα·
897 739 913 798 6
937 739 968 798 δὲ

167 832 240 898 παῖς,
259 827 392 909 ἐτύγχανε
404 829 459 909 γάρ
472 830 542 906 ἔχων
554 827 703 908 μάχαιραν,
716 827 795 890 εἴπας
806 825 881 886 τάδε·
903 827 968 886 “δε-

169 915 283 992 κόμεθα,
299 915 320 974 ὧ
339 918 473 991 βασιλεῦ,
487 916 523 976 τά
543 915 657 980 διδοῖς·”
679 914 847 997 περιγράφει
863 917 899 993 τῇ
914 941 965 991 μα-

167 1006 252 1083 χαίρῃ
266 1009 294 1068 ἐς
305 1004 338 1064 τά
353 1004 455 1080 ἔδαφος
467 1009 516 1064 τοῦ
530 1006 607 1064 οἴκου
619 1004 669 1064 τάν
681 1003 773 1081 ἥλιον·
793 1003 969 1084 περιγράψας

167 1093 203 1167 δὲ,
220 1098 247 1156 ἐς
260 1092 310 1153 τόν
322 1092 429 1152 κόλπον
446 1093 505 1169 τρὶς
523 1092 697 1170 ἀρυσάμενος
708 1096 759 1153 τοῦ
771 1092 862 1169 ἡλίου,
876 1092 968 1151 άπαλ-

123 1175 179 1239 138
188 1180 316 1240 λάσσετο
330 1179 413 1243 αὐτός
427 1205 458 1239 τε
475 1181 522 1238 καὶ
539 1183 566 1239 οἱ
583 1180 643 1257 μετ’
658 1182 771 1240 ἐκείνου.
814 1183 852 1240 Οἱ
867 1180 968 1256 μὲνδὴ

167 1266 302 1344 άπήῖσαν·
323 1271 361 1347 τῷ
374 1268 403 1327 δέ
416 1268 537 1343 βασιλέϊ
550 1270 681 1344 σημαίνει
696 1294 738 1332 τις
756 1271 812 1328 τῶν
825 1268 968 1345 παρέδρων

167 1355 226 1414 οἶόν
238 1382 266 1414 τι
278 1360 375 1434 χρῆμα
385 1355 512 1431 ποιήσειε
525 1355 541 1416 6
555 1361 629 1427 παῖς,
644 1357 690 1415 καὶ
701 1357 735 1420 ὥς
745 1356 799 1416 σάν
810 1355 863 1434 νόῳ
873 1358 968 1417 κείνων

167 1442 184 1501 6
197 1444 330 1506 νεώτατος
342 1443 432 1522 λάβοι
449 1445 485 1504 τά
504 1443 641 1521 διδόμενα·
663 1444 679 1504 6
693 1445 823 1504 δὲταῦτα
835 1443 967 1517 άκοόσας,

167 1531 213 1588 καὶ
231 1530 361 1600 ὀξυνθεὶς,
375 1533 478 1608 πέμπει
496 1531 537 1592 ἐπ’
552 1532 652 1596 αότοδς
670 1533 771 1596 ἱππέας
786 1531 966 1596 α’πολέοντας.

166 1617 293 1695 παταμδς
313 1619 344 1678 δέ
363 1625 424 1678 ἐστι
445 1625 474 1680 ἐν
494 1626 529 1699 τῇ
549 1620 626 1699 χάρη
647 1620 742 1700 ταύτῃ,
762 1625 801 1700 τῷ
821 1619 920 1680 θύουσι
941 1624 968 1681 αἱ

168 1707 272 1768 τούτων
290 1711 345 1768 τῶν
360 1706 466 1785 ἀνδρῶν
484 1707 532 1767 ἀπ’
544 1709 663 1787 Ἀργεος
681 1708 817 1789 άπόγονοι
832 1707 967 1786 σωτήρια·

167 1793 256 1867 οὗτος,
276 1796 337 1855 ἐπεί
354 1822 385 1856 τε
406 1795 544 1872 διέβησαν
565 1800 592 1856 οἱ
612 1795 770 1872 Τημενίδαι,
788 1797 876 1876 μέγας
896 1796 968 1857 οὕτω

168 1883 250 1960 ἐρρύη
263 1882 336 1944 ὥστε
349 1884 414 1948 τούς
428 1885 528 1947 ἱππέας
537 1883 578 1962 μή
593 1885 667 1948 οἵους
679 1910 710 1944 τε
723 1884 856 1965 γενέσθαι
867 1884 967 1961 διαβῆ-

166 1998 220 2031 ναι.
249 1975 276 2032 οὶ
289 1973 326 2043 δέ,
341 1971 503 2049 ἀπικόμενοι
513 1978 541 2036 ἐς
554 1972 647 2049 ἄλλην
657 1977 711 2054 γῆν
720 1976 771 2049 τῆς
785 1972 967 2049 Μακεδονίης,

167 2061 285 2137 οἴκησαν
294 2062 383 2124 πέλας
392 2065 446 2121 τῶν
457 2061 551 2137 κήπων
558 2065 613 2121 τῶν
623 2063 781 2142 λεγομένων
792 2061 861 2121 εἶναι
872 2062 969 2122 Μιδεω

166 2154 216 2208 τοῦ
237 2149 365 2227 Γορδίεω
396 2154 424 2208 ἐν
447 2153 524 2208 τοῖσι
546 2149 646 2225 φύεται
670 2148 815 2225 αὐτόματα
835 2149 912 2226 ῥόδα,
939 2151 969 2210 ἐν

167 2237 286 2297 ἕκαστον
300 2239 364 2316 ἔχον
378 2237 510 2313 ἐξήκοντα
524 2237 630 2313 φύλλα,
645 2237 718 2316 ὀδμῇ
730 2263 761 2296 τε
775 2237 969 2313 άπερφέροντα

166 2328 221 2383 τῶν
231 2323 334 2384 ἄλλων.
363 2331 391 2384 ἐν
400 2325 526 2384 τούτοισι
537 2327 583 2384 καὶ
596 2326 612 2385 6
627 2325 748 2400 Σιληνός
760 2329 836 2384 τοῖσι
851 2325 970 2400 κήποισι

166 2410 234 2486 ἥλω,
249 2411 284 2474 ὥς
297 2413 410 2493 λέγεται
423 2411 477 2473 fixo*
489 2412 665 2473 Μακεδόνων·
679 2412 749 2490 ΰπέρ
763 2413 792 2472 δὲ
806 2417 861 2473 τῶν
874 2412 969 2488 κήπων·

167 2499 248 2577 οὖρος
262 2501 359 2574 κέεται,
376 2502 496 2577 Βέρμιον
510 2501 622 2578 οὕνομα,
634 2500 743 2577 ἄβατον
756 2500 810 2560 ὖπδ
823 2503 969 2579 χειμῶνος.

168 2591 292 2649 ἐνθεῦτεν
305 2589 335 2648 δὲ
348 2589 525 2666 ὁρμεώμενοι,
541 2589 576 2652 οἷς
594 2589 697 2664 ταύτην
711 2589 806 2666 ἔσχον,
822 2590 970 2666 κατεστρέ-

121 2679 177 2736 139
188 2684 276 2752 φοντο
291 2679 336 2736 καὶ
349 2677 400 2753 τὴν
413 2677 505 2752 άλλην
513 2677 708 2752 Μακεδονίην.
738 2675 810 2735 Ἀπό
824 2675 970 2754 τοίτουδὴ

166 2769 216 2824 τοῦ
231 2765 387 2842 Περδίκκεω
400 2765 586 2841 Ἀλέξανδρος
600 2762 652 2824 ὦδε
666 2763 799 2844 ἐγεγόνεε.
828 2762 970 2840 Ἀμύντεω

169 2857 235 2916 παῖς
255 2852 290 2928 ἦν
309 2853 500 2930 Ἀλέξανδρος·
526 2852 664 2928 Ἀμύντης
682 2853 711 2911 δέ
727 2852 874 2911 Ἀλκέτεω·
902 2851 969 2912 Ἀλ-

126 3005 131 3015 ,
167 2942 249 3000 κέτεω
275 2941 305 3000 δὲ
327 2942 420 3018 πατήρ
441 2941 476 3017 ἢν
502 2941 646 3017 Ἀέροπος·
680 2944 731 3000 τοῦ
758 2941 788 3000 δέ
814 2941 968 3004 Φίλιππος·

166 3029 310 3087 Φιλίππου
326 3029 355 3088 δὲ
373 3028 513 3108 Ἀργαῖος·
534 3033 584 3086 τοῦ
603 3029 633 3086 δέ
652 3028 808 3104 Περδίκκης
827 3027 842 3086 6
864 3029 969 3104 κτησά-

167 3139 249 3189 μενος
261 3115 313 3190 τήν
326 3115 425 3194 άρχήν.
469 3116 593 3196 ἐγεγόνεε
606 3119 658 3191 μέν
672 3116 705 3190 δή
721 3113 772 3175 ὧδε
786 3116 971 3194 Ἀλέξανδρος

169 3200 347 3275 ὁἈμύντεω.

121 3287 178 3343 140
227 3287 275 3348 Ὡς
288 3287 316 3346 δὲ
330 3288 444 3347 ἀπίκετο
458 3292 485 3351 ἐς
498 3287 548 3352 τὰς
560 3288 681 3364 Ἀθήνας
699 3289 896 3366 ἀποπεμφθεὶς
916 3291 971 3354 ὑπό
