2258 3568
134 113 246 176 82-86]
432 115 636 162 ἝΕΡΨΙΧΟΡΗ.
911 117 940 168 37

132 192 265 270 μα’λιστά
280 221 315 271 κη
330 195 387 254 ἀπὸ
400 198 451 270 τῆς
464 194 565 256 πόλιος
579 193 614 257 ῶς
629 196 719 255 εἴκοσι
740 195 849 275 ἀπέχει·
872 195 941 272 ἱδρυ-

134 283 255 360 σάμενοι
277 283 305 342 δὲ
327 287 356 342 ἐν
369 282 458 362 τούτῳ
471 286 510 360 τῷ
522 280 612 362 χῶριρ,
628 284 747 362 θυσίῃσί
758 284 790 342 τέ
804 291 882 359 σφεα
897 285 942 342 καὶ

133 376 250 450 χοροῖσι
262 371 450 452 γυναικηίοισι
464 370 626 448 κερτόμοισι
638 371 798 441 ἱλάσκοντο,
813 377 942 453 χορηγῶν

134 459 373 537 ἀποδεικνυμένων
392 461 507 538 ἐκατέρῃ
525 463 579 518 τῶν
595 459 732 536 δαιμόνων
746 460 811 518 δέκα
824 459 940 536 ἀνδρῶν·

135 553 226 611 κακῶς
248 548 277 606 δέ
298 547 433 629 ἠγόρευον
452 551 478 606 οἶ
496 548 577 626 χοροὶ
596 546 682 624 ἄνδρα
698 551 749 624 μὲν
769 546 873 618 οὐδένα,
893 549 942 612 τάς

135 636 166 695 δέ
189 637 338 715 ἐπιχωρίας
359 640 499 718 γυναῖκας.
542 634 616 711 ἦσαν
642 636 671 695 δέ
695 637 740 695 καὶ
764 641 840 696 τοῖσι
863 635 939 695 Ἐπι-

135 723 277 801 δαυρίοισι
290 727 319 784 αἱ
333 728 458 784 τοιαῦται
473 725 602 805 ἱροργίαι·
618 726 672 784 εἰσὶ
687 725 717 784 δέ
731 731 786 799 σφι
801 726 846 783 καὶ
859 723 940 802 ἀρρη-

134 839 181 871 τοι
190 816 320 894 ῖροργίαι.
350 813 539 888 Κλεφθέντων
553 813 583 871 δέ
596 813 680 872 τῶνδε
693 817 747 872 τῶν
762 812 938 894 ἀγαλμάτων,
950 817 987 871 84

136 902 164 958 οἶ
183 899 357 976 Ἐπιδαύριοι
378 904 454 958 τοῖσι
474 899 650 976 Ἀθηναίοισι
667 900 703 960 τά
723 903 870 960 συνέθεντο
892 899 940 960 οὐκ

136 989 293 1048 ἐπετέλεον·
315 990 475 1065 πέμψαντες
493 988 522 1046 δέ
542 991 568 1048 οἱ
580 987 724 1064 Ἀθηναῖοι
739 988 850 1065 ἐμήνιον
864 994 941 1047 τοῖσι

135 1075 351 1152 Ἐπιδαυρίοισι·
375 1079 401 1134 οἱ
424 1077 453 1134 δέ
475 1076 630 1152 ἀπέφαινον
654 1077 730 1157 λόγῳ
753 1077 787 1139 ῶς
811 1077 860 1134 οὐκ
885 1077 939 1134 ἀδι-

136 1169 222 1224 κοῖεν·
244 1163 314 1224 ὅσον
330 1167 382 1240 μὲν
400 1164 454 1244 γάρ
471 1164 574 1243 χρόνον
593 1165 669 1244 εἶχον
686 1165 722 1224 τά
740 1164 892 1245 ἀγάλματα
915 1170 942 1222 ἐν

135 1258 174 1332 τῇ
188 1252 274 1330 χώρῃ,
294 1253 445 1314 ἐπιτελέειν
463 1253 498 1313 τά
519 1255 676 1313 συνέθεντο·
700 1255 759 1313 ἐπεὶ
778 1255 807 1312 δὲ
828 1258 939 1330 ἐστερῆ-

136 1342 208 1400 σθαι
230 1341 327 1411 αῶτῶν,
347 1339 379 1400 οὗ
404 1342 509 1402 δίκαιον
530 1341 599 1401 εἶναι
621 1341 774 1418 ἀποφέρειν
797 1343 843 1412 ἐτι,
866 1341 941 1400 ἀλλά

136 1429 203 1492 τους
217 1431 330 1508 ἔχοντας
349 1429 419 1488 αῶτά
433 1429 583 1511 Αἰγινήτας
600 1430 784 1507 πρήσσεσθαι
804 1434 939 1490 ἐκέλευον.

136 1517 208 1594 πράς
221 1523 308 1576 ταῦτα
321 1517 465 1593 Ἀθηναῖοι
477 1525 504 1581 ἐς
513 1520 628 1600 Αἴγιναν
639 1520 798 1597 πέμψαντες
809 1518 940 1578 ἀπαίτεον

136 1605 174 1664 τά
186 1605 348 1686 ἀγάλματα·
371 1610 398 1664 οἱ
412 1607 440 1664 δέ
454 1611 601 1688 Αἰγινῆται
615 1609 734 1682 ἔφασαν,
750 1609 838 1683 σφίσι
852 1635 881 1666 τε
895 1609 940 1665 καὶ

137 1692 315 1769 Ἀθηναίοισι
329 1695 398 1754 εἶναι
412 1694 490 1754 οὐδὲν
503 1699 630 1776 πρῆγμα.
672 1695 815 1771 Ἀθηναῖοι
829 1697 880 1772 μέν
894 1691 941 1754 νυν
950 1699 988 1752 85

137 1783 257 1862 λέγουσι
277 1783 350 1858 μετά
371 1783 422 1858 τήν
446 1782 599 1859 ἀπαίτησιν
619 1784 816 1860 ἀποσταλῆναι
835 1784 940 1860 τριήρεϊ

137 1873 190 1950 μιῇ
208 1875 263 1930 τῶν
282 1870 384 1940 ἀστῶν,
398 1871 513 1934 τούτους
532 1871 558 1930 οἳ
577 1871 808 1949 ἀποπεμφθέντες
822 1871 877 1932 ἀπὸ
892 1877 942 1930 τοτ’

138 1961 233 2018 κοινοῦ
247 1959 293 2017 καὶ
308 1958 472 2034 ἀπικόμενοι
486 1964 513 2021 ἐς
526 1960 650 2040 Αἴγιναν,
665 1960 700 2018 τά
714 1959 865 2039 ἀγάλματα
879 1964 940 2018 ταῶ-

137 2073 174 2104 τα
188 2045 224 2110 ῶς
237 2048 382 2122 σφετέρων
401 2047 491 2116 ξύλων
509 2047 589 2107 ἐόντα
608 2053 755 2124 ἐπειρῶντο
772 2053 801 2106 ἐκ
818 2051 873 2106 τῶν
888 2046 940 2123 βά-

138 2136 212 2212 θρων
226 2136 396 2208 ἐξανασπᾶν,
414 2135 457 2194 ἴνα
472 2136 549 2209 σφέα
563 2134 794 2212 ἀνακομίσωνται·
818 2135 849 2194 οὕ
864 2137 940 2195 δυνα-

138 2223 238 2292 μένους
252 2222 282 2282 δὲ
294 2223 382 2302 τούτῳ
396 2227 433 2302 τῷ
446 2223 539 2302 τρόπῳ
554 2223 644 2282 αὐτῶν
662 2229 808 2299 κρατήσαι,
824 2225 939 2300 περιβα-

138 2309 242 2374 λόντας
252 2311 365 2389 σχοινία
376 2312 466 2370 ἕλκειν
479 2311 514 2370 τά
526 2311 685 2392 ἀγάλματα·
702 2314 749 2370 καί
761 2319 816 2388 σφι
828 2313 942 2370 ἐλκουσι

139 2399 265 2476 βροντήν
274 2425 306 2459 τε
320 2400 365 2457 καὶ
380 2399 438 2476 ἅμα
451 2403 487 2478 τῇ
500 2401 609 2478 βροντῇ
624 2399 745 2476 σεισμῶν
756 2401 943 2483 ἐπιγενέσθαυ

139 2487 204 2550 τούς
223 2488 253 2546 δέ
269 2488 410 2564 τριηρίτας
424 2487 488 2550 τους
508 2488 639 2550 ἕλκοντας
652 2487 706 2546 find
724 2490 841 2548 τουτέων
856 2487 941 2546 ἀλλο-

140 2576 448 2651 φροιτῖσαι··παθόντας
463 2575 492 2634 δὲ
504 2579 595 2648 τοῦτο,
610 2576 723 2635 κτείνειν
737 2575 881 2652 ἀλλήλους
895 2575 943 2634 ἅτε

139 2663 293 2740 πολεμίους
312 2669 339 2725 ές
353 2663 368 2722 ῶ
383 2669 412 2722 ἐκ
429 2663 538 2722 πάντων
556 2664 604 2722 ἕνα
622 2665 774 2738 λειφθέντα
791 2664 941 2740 ἀνακομισ-

140 2752 224 2825 θῆναι
245 2750 329 2810 αίτὸν
352 2756 378 2814 ἐς
392 2750 531 2826 Φάληρον.
575 2749 719 2828 Ἀθηναῖοι
738 2753 789 2829 μέν
806 2779 853 2812 νυν
872 2751 941 2808 οὕτω
952 2755 989 2808 86

140 2839 259 2920 λέγουσι
282 2840 423 2920 γενέσθαι.
467 2843 613 2920 Αἰγινῆται
636 2841 673 2910 δὲ,
693 2840 725 2899 οὐ
747 2846 798 2918 μιῇ
820 2841 864 2915 νηῒ
881 2837 942 2896 ἀπι-

140 2927 242 2987 κέσθαι
254 2926 426 3003 Ἀθηναίους·
448 2929 515 3003 μίαν
528 2931 580 3004 μέν
592 2928 647 3009 γάρ
662 2930 708 2987 καὶ
722 2929 808 3008 ὀλίγῳ
822 2931 943 2988 πλεῦνας

139 3019 215 3092 μιῆς,
230 3015 276 3074 καὶ
297 3017 322 3074 εἴ
341 3023 397 3092 σφι
417 3015 457 3092 μή
475 3017 573 3094 ἔτυχον
588 3021 684 3075 ἐοῦσαι
699 3017 763 3083 νέες,
779 3014 942 3090 ἀπαμύνασ-

140 3105 190 3164 θαι
203 3099 237 3163 ἀιν
251 3103 391 3167 εὐπετέως·
407 3103 484 3162 ἀλλά
494 3108 624 3180 πολλῇσι
634 3105 716 3176 νηυσὶ
731 3104 871 3159 ἐπιπλέειν
886 3108 941 3174 σφι

140 3193 188 3250 ἐπὶ
209 3190 262 3268 τήν
282 3192 385 3270 χῶρην·
408 3190 487 3249 αὐτοὶ
505 3191 535 3248 δέ
556 3196 612 3264 σφι
633 3189 709 3257 εἶξαι,
727 3189 771 3243 καὶ
791 3187 822 3244 ου
836 3188 942 3244 διαναυ-

139 3286 282 3358 μαχῆσαι·
298 3279 468 3359 (οὕκέχουσι
478 3277 507 3335 δέ
524 3279 607 3334 τοῦτο
618 3274 788 3348 διασημῇναι
802 3272 942 3346 ἀτρεκέως,

148 3366 235 3416 IL-4
