2250 3552
176 151 224 200 ιιι
488 133 670 198 mommo?
913 148 978 212 [σε.

175 229 239 292 τούς
270 228 447 307 δαινυμένους
473 229 596 305 Πέρσας,
624 228 670 286 καὶ
700 225 749 288 τόν
777 227 902 306 στρατόν
928 231 980 288 τὸν

175 318 309 394 ἐλίπομεν
329 318 375 376 ε’πὶ
394 321 433 396 τῷ
452 320 569 395 ποταμῷ
589 313 894 394 στρατοπεδευόμενον;
916 317 980 376 τοό-

174 431 230 466 πων
246 403 356 466 πάντων
372 403 462 484 ὄψεαι,
478 403 577 484 ὀλίγου
597 403 671 467 τινός
688 401 791 482 χρόνου
811 403 982 480 διελθόντοςἸ

176 493 288 574 ὀλίγους
301 493 376 557 τινὰς
393 493 458 556 τούς
475 490 727 574 περιγενομένους.”
768 492 856 552 ταῦτα’
871 519 903 552 τε
919 491 981 570 ἅμα

175 581 225 641 τόν
236 582 359 658 Πέρσην,
366 583 468 660 λέγειν,
479 582 525 639 καὶ
537 583 660 656 μετιέναι
673 581 771 640 πολλιῖ
780 585 836 640 τῶν
846 581 980 659 δακρύων·

176 669 258 733 αότδς
285 670 314 729 δὲ
339 669 471 747 θωμάσας
494 668 544 730 τδν
567 669 663 751 λόγον,
687 672 772 729 εἰπεῖν
793 669 863 746 πρὸς
884 669 980 731 αὐτόν·

177 758 290 818 ((οὐκών
307 759 456 837 Μαρδονίῳ
473 785 504 818 τε
524 762 613 818 ταῦτα
632 756 716 837 χρεόν
732 763 794 818 ε’στι
811 759 913 839 λέγειν,
934 760 981 818 καὶ

175 851 251 908 τοῖσι
266 846 326 925 μετ’
341 850 444 906 ε’κεῖνον
460 852 489 906 έν
505 847 567 924 αἶνη
586 851 666 906 εὀῦσι
686 846 819 923 Περσέων
829 845 852 915 ;”
879 846 930 906 τόν
950 847 982 906 δὲ

176 936 247 1013 μετὰ
259 939 347 996 ταῦτα
364 938 458 994 εἰπεῖν·
480 945 498 969 “
506 935 583 1007 ξεῖνε,
604 933 620 995 ὅ
636 960 664 995 τι
679 935 722 994 δεῖ
737 935 869 1016 γενέσθαι
886 940 916 994 ἐκ
929 933 982 995 τοῦ

177 1024 242 1084 θεοῦ
276 1023 420 1104 ἀμήχανον
453 1022 610 1101 α’ποτρέψαι
644 1022 787 1102 ἀνθρώπῳ·
829 1021 892 1082 οὐδὲ
924 1023 982 1104 γιῖρ

176 1112 266 1173 πιστιῖ
288 1113 406 1194 λέγουσι
429 1113 519 1172 ἐθέλει
540 1113 687 1172 πείθεσθαι
709 1111 805 1174 οὐδείς·
839 1115 927 1171 ταῦτα
950 1112 982 1171 δὲ

178 1202 310 1278 Περσέων
340 1201 440 1280 συχνοὶ
473 1200 652 1276 ἐπισπώμενοι
687 1199 810 1276 ἑπόμεθα
844 1198 982 1281 ἀναγκαίῃ

179 1289 354 1366 ἐνδεδεμένοι·
376 1289 494 1368 ἐχθίστη
515 1288 544 1347 δὲ
566 1287 648 1364 ὀδύνη
670 1289 730 1348 ἐστὶ
751 1291 806 1348 τῶν
827 1293 856 1348 έν
877 1287 982 1365 ἀνθρώ-

178 1403 259 1438 ποισι
283 1377 360 1454 αὕτη,
384 1377 481 1436 πολλὰ
509 1378 663 1453 φρονέοντα
688 1377 805 1454 μηδενός
831 1377 966 1454 κρατέειν.

177 1470 265 1526 ταῦτα
277 1468 329 1542 μὲν
341 1469 392 1525 τοῦ
411 1465 595 1544 Ὀρχομενίου
611 1465 790 1542 Θερσάνδρου
810 1464 918 1542 ἤκουον,
934 1466 982 1525 καὶ

177 1554 242 1614 τώδε
265 1553 334 1632 πρδς
360 1553 495 1625 τούτοισι,
517 1553 553 1617 ώς
573 1553 656 1616 αὗτός
675 1553 773 1613 αὐτίκα
793 1555 873 1634 λέγοι
892 1558 983 1614 ταῦτα

177 1641 248 1719 πρός
261 1641 420 1719 ἀνθρώπους
437 1642 573 1721 πρότερον
588 1640 607 1719 ἢ
624 1643 757 1724 γενέσθαι
773 1647 802 1702 ἐν
815 1647 983 1720 Πλαταιῇσι

178 1731 229 1806 τὴν
242 1731 345 1810 μάχην.

132 1821 171 1881 17
221 1820 380 1896 Μαρδονίου
396 1819 425 1878 δὲ
444 1825 473 1878 ἐν
488 1823 524 1898 τῇ
542 1819 661 1899 Βοιωτίη
679 1819 981 1896 στρατοπεδευομένου,

177 1910 206 1966 αἶ
231 1910 284 1984 μὲν
310 1907 395 1967 ἄλλοι
421 1909 588 1987 παρείχοντο
615 1906 735 1971 ἅπαντες
763 1907 906 1984 στρατιήν,
935 1910 983 1966 καὶ

179 1997 377 2071 συνεσέβαλον
390 2001 417 2059 ές
429 1995 549 2072 Ἀθήνας
562 1995 680 2072 ὅσοιπερ
694 1995 823 2072 ἐμήδιζον
836 1994 983 2071 Ἑλλήνων

179 2087 234 2144 τών
251 2083 339 2162 ταύτῃ
357 2085 516 2159 οἰκημένων·
536 2088 636 2160 μοῦνοι
654 2083 684 2144 δὲ
699 2086 805 2147 Φωκέες
820 2083 852 2143 αὖ
865 2085 981 2144 συνεσέ-

178 2172 283 2247 βαλον·
315 2170 442 2248 ἐμήδιζον
468 2171 523 2252 γὰρ
551 2173 584 2248 δὴ
608 2172 723 2250 σφόδρα
749 2172 795 2230 καὶ
820 2170 905 2242 οὗτοι,
930 2171 982 2230 οὐκ

182 2259 288 2323 ἑκόντες
303 2259 369 2319 ἀλλ’
381 2258 427 2318 ὑπ’
441 2258 600 2341 ὀναγκαίης·
622 2262 745 2338 ἡμέρῃσι
759 2261 788 2320 δὲ
803 2259 835 2320 οὔ
851 2264 982 2339 πολλῇσι

178 2347 250 2424 μετὰ
262 2347 314 2423 τὴν
327 2346 421 2418 ἄπιξιν
433 2348 484 2424 τήν
495 2354 522 2411 ἒς
536 2347 636 2424 Θήβας
646 2348 772 2426 ὕστερον,
787 2348 877 2424 ἦλθον
890 2347 982 2408 αὐτῶν

179 2434 294 2495 ὁπλῖται
308 2437 405 2513 χίλιοι·
426 2434 478 2516 ἦγε
495 2436 524 2495 δὲ
543 2436 642 2500 αὖτοός
655 2435 829 2514 Ἁρμοκύδης
843 2435 913 2513 α’νὴρ
925 2440 982 2495 τῶν

180 2523 274 2583 ὀστῶν
295 2523 489 2600 δοκιμώτατος·
520 2525 579 2582 ε’πεὶ
598 2524 627 2584 δὲ
648 2523 767 2585 α’πίκατο
789 2526 835 2583 καὶ
856 2521 933 2584 οὗτοι
954 2529 983 2586 ές

180 2611 287 2688 Θήβας,
300 2613 413 2689 πέμψας
427 2611 442 2672 ὀ
457 2610 615 2690 Μαρδόνιος
630 2615 736 2683 ἱππέας,
748 2613 880 2672 ἐκέλευσέ
888 2617 983 2686 σφεας

180 2699 222 2758 ἐπ’
243 2703 348 2759 ἑωυτῶν
377 2705 406 2760 έν
432 2706 471 2779 τῷ
499 2701 583 2781 πεδίῳ
612 2702 729 2772 ἵζεσθαι·
765 2703 825 2760 ε’πεὶ
848 2701 878 2760 δὲ
907 2699 982 2760 ε’ποί-

177 2813 254 2864 ησαν
274 2792 370 2858 ταῦτα,
392 2787 489 2848 αὐτίκα
511 2794 604 2866 παρῆν
626 2788 645 2866 ἦ
668 2790 752 2852 ἵππος
775 2790 882 2849 ἅπασα·
910 2788 983 2866 μετιὶ

180 2876 326 2945 δὲταῦτα,
347 2876 475 2952 διεξῆλθε
495 2879 547 2950 μὲν
574 2876 619 2936 διδ
646 2881 696 2937 τοῦ
720 2878 911 2955 στρατοπέδου
930 2880 983 2937 τοῦ

180 2962 348 3039 Ἑλληνικοῦ
380 2969 430 3023 τοῦ
460 2964 532 3040 μετὰ
563 2965 667 3042 Μήδων
698 2965 792 3030 ε’ὀντος
826 2966 917 3043 φήμη,
947 2964 982 3028 ώς

184 3055 357 3111 κατακοντιεῖ
375 3053 475 3127 σφέας·
504 3053 632 3129 διεξῆλθε
653 3054 682 3113 δὲ
703 3053 736 3112 δι’
757 3054 847 3115 αὐτῶν
867 3055 983 3114 Φωκέων

180 3137 267 3197 τώυτό
285 3143 377 3199 τοῦτο·
398 3141 464 3200 ἔνθα
479 3141 514 3217 δή
533 3148 589 3217 σφι
605 3141 620 3202 ὀ
639 3142 798 3224 στρατηγὸς
810 3142 985 3220 Ἀρμοιαίδης

182 3226 313 3300 παραίνεε
333 3227 424 3307 λέγων
443 3227 546 3288 τοιάδε·
574 3229 622 3289 “ὧ
642 3232 756 3302 Φωκέες,
776 3232 907 3309 πρόδηλα
926 3232 985 3314 γιῖρ

182 3309 225 3368 ὅτι
245 3311 332 3386 ἡμέας
359 3311 435 3373 οὗτοι
462 3319 489 3374 οἱ
516 3315 655 3392 ἅνθρωποι
681 3321 823 3394 μέλλουσι
850 3322 986 3400 προόπτῳ
