<?xml version="1.0" encoding="UTF-8"?>
<!DOCTYPE html PUBLIC "-//W3C//DTD XHTML 1.0 Transitional//EN"
    "http://www.w3.org/TR/xhtml1/DTD/xhtml1-transitional.dtd">
<html xmlns="http://www.w3.org/1999/xhtml" xml:lang="en" lang="en">
 <head>
  <title>
</title>
<meta http-equiv="Content-Type" content="text/html;charset=utf-8" />
  <meta name='ocr-system' content='tesseract 3.04.00' />
  <meta name='ocr-capabilities' content='ocr_page ocr_carea ocr_par ocr_line ocrx_word'/>
</head>
<body>
  <div class='ocr_page' id='page_1' title='image "./herodotusrecens00blakgoog_0193.png"; bbox 0 0 2282 3550; ppageno 0'>
   <div class='ocr_carea' id='block_1_1' title="bbox 127 156 983 3400">
    <p class='ocr_par' dir='ltr' id='par_1_1' title="bbox 127 156 983 3400">
     <span class='ocr_line' id='line_1_1' title="bbox 141 156 942 221; baseline -0.005 -13"><span class='ocrx_word' id='word_1_1' title='bbox 141 156 288 221; x_wconf 73' lang='lat'>157-160]</span> <span class='ocrx_word' id='word_1_2' title='bbox 477 157 661 205; x_wconf 75' lang='lat' dir='ltr'>HOATMNIA.</span> <span class='ocrx_word' id='word_1_3' title='bbox 895 157 942 206; x_wconf 77' lang='grc'>185</span> 
     </span>
     <span class='ocr_line' id='line_1_2' title="bbox 139 232 942 317; baseline 0.001 -22"><span class='ocrx_word' id='word_1_4' title='bbox 139 237 237 300; x_wconf 85' lang='grc' dir='ltr'>τοντός</span> <span class='ocrx_word' id='word_1_5' title='bbox 248 263 280 297; x_wconf 93' lang='grc' dir='ltr'>τε</span> <span class='ocrx_word' id='word_1_6' title='bbox 290 232 340 296; x_wconf 81' lang='grc' dir='ltr'>τόν</span> <span class='ocrx_word' id='word_1_7' title='bbox 351 237 470 314; x_wconf 78' lang='grc' dir='ltr'>Δωριέος</span> <span class='ocrx_word' id='word_1_8' title='bbox 479 241 528 296; x_wconf 85' lang='grc' dir='ltr'>τοῦ</span> <span class='ocrx_word' id='word_1_9' title='bbox 541 237 757 313; x_wconf 83' lang='grc' dir='ltr'>Ἀναξανδρίδεω</span> <span class='ocrx_word' id='word_1_10' title='bbox 767 233 942 317; x_wconf 78' lang='grc' dir='ltr'>πρόςἚεγεσ-</span> 
     </span>
     <span class='ocr_line' id='line_1_3' title="bbox 137 324 942 402; baseline 0.001 -19"><span class='ocrx_word' id='word_1_11' title='bbox 137 327 222 385; x_wconf 89' lang='grc' dir='ltr'>ταίων</span> <span class='ocrx_word' id='word_1_12' title='bbox 230 325 320 400; x_wconf 90' lang='grc' dir='ltr'>φόνον</span> <span class='ocrx_word' id='word_1_13' title='bbox 331 325 530 402; x_wconf 78' lang='grc' dir='ltr'>ἐκπρήξασθαι,</span> <span class='ocrx_word' id='word_1_14' title='bbox 538 325 730 388; x_wconf 75' lang='grc' dir='ltr'>ὑποτείνοντός</span> <span class='ocrx_word' id='word_1_15' title='bbox 736 351 767 384; x_wconf 94' lang='grc' dir='ltr'>τε</span> <span class='ocrx_word' id='word_1_16' title='bbox 776 324 812 385; x_wconf 78' lang='grc' dir='ltr'>τά</span> <span class='ocrx_word' id='word_1_17' title='bbox 822 324 942 402; x_wconf 88' lang='grc' dir='ltr'>ἐμπόρια</span> 
     </span>
     <span class='ocr_line' id='line_1_4' title="bbox 137 412 942 495; baseline 0.002 -23"><span class='ocrx_word' id='word_1_18' title='bbox 137 416 365 490; x_wconf 81' lang='grc' dir='ltr'>συνελευθεροῦν,</span> <span class='ocrx_word' id='word_1_19' title='bbox 379 414 426 473; x_wconf 78' lang='grc' dir='ltr'>ἀπ’</span> <span class='ocrx_word' id='word_1_20' title='bbox 440 412 477 474; x_wconf 81' lang='grc' dir='ltr'>ὧν</span> <span class='ocrx_word' id='word_1_21' title='bbox 492 415 557 491; x_wconf 72' lang='grc' dir='ltr'>ὑμῖν</span> <span class='ocrx_word' id='word_1_22' title='bbox 572 415 695 495; x_wconf 79' lang='grc' dir='ltr'>μεγάλαι</span> <span class='ocrx_word' id='word_1_23' title='bbox 712 413 832 490; x_wconf 72' lang='grc' dir='ltr'>ὠφελίαι</span> <span class='ocrx_word' id='word_1_24' title='bbox 849 440 880 472; x_wconf 89' lang='grc' dir='ltr'>τε</span> <span class='ocrx_word' id='word_1_25' title='bbox 896 415 942 474; x_wconf 79' lang='grc' dir='ltr'>καὶ</span> 
     </span>
     <span class='ocr_line' id='line_1_5' title="bbox 137 501 940 612; baseline 0.002 -52"><span class='ocrx_word' id='word_1_26' title='bbox 137 504 301 579; x_wconf 76' lang='grc' dir='ltr'>ἐπαυρέσιες</span> <span class='ocrx_word' id='word_1_27' title='bbox 315 502 461 612; x_wconf 80' lang='grc' dir='ltr'>γεγόνρσι,</span> <span class='ocrx_word' id='word_1_28' title='bbox 478 502 541 562; x_wconf 78' lang='grc' dir='ltr'>οὔτε</span> <span class='ocrx_word' id='word_1_29' title='bbox 559 506 626 580; x_wconf 82' lang='grc' dir='ltr'>ἐμεῦ</span> <span class='ocrx_word' id='word_1_30' title='bbox 645 503 736 562; x_wconf 79' lang='grc' dir='ltr'>εἵνεκα</span> <span class='ocrx_word' id='word_1_31' title='bbox 752 501 855 578; x_wconf 83' lang='grc' dir='ltr'>ἤλθετε</span> <span class='ocrx_word' id='word_1_32' title='bbox 870 503 940 578; x_wconf 89' lang='grc' dir='ltr'>βοη-</span> 
     </span>
     <span class='ocr_line' id='line_1_6' title="bbox 137 589 942 668; baseline 0.001 -19"><span class='ocrx_word' id='word_1_33' title='bbox 137 589 326 663; x_wconf 83' lang='grc' dir='ltr'>θήσοντες</span> <span class='ocrx_word' id='word_1_34' title='bbox 294 615 357 648; x_wconf 88' lang='grc' dir='ltr'>ουτε</span> <span class='ocrx_word' id='word_1_35' title='bbox 375 592 424 650; x_wconf 79' lang='grc' dir='ltr'>τόν</span> <span class='ocrx_word' id='word_1_36' title='bbox 441 591 562 668; x_wconf 79' lang='grc' dir='ltr'>Δωριέος</span> <span class='ocrx_word' id='word_1_37' title='bbox 579 590 668 667; x_wconf 86' lang='grc' dir='ltr'>φόνον</span> <span class='ocrx_word' id='word_1_38' title='bbox 685 589 942 668; x_wconf 84' lang='grc' dir='ltr'>ἐκπρηξόμενοι,’</span> <span class='ocrx_word' id='word_1_39' title='bbox 907 617 940 650; x_wconf 91' lang='grc' dir='ltr'>το</span> 
     </span>
     <span class='ocr_line' id='line_1_7' title="bbox 137 677 940 756; baseline 0.001 -20"><span class='ocrx_word' id='word_1_40' title='bbox 137 704 166 737; x_wconf 87' lang='grc' dir='ltr'>τε</span> <span class='ocrx_word' id='word_1_41' title='bbox 180 678 240 737; x_wconf 83' lang='grc' dir='ltr'>κατ’</span> <span class='ocrx_word' id='word_1_42' title='bbox 253 677 340 756; x_wconf 77' lang='grc' dir='ltr'>όμέας</span> <span class='ocrx_word' id='word_1_43' title='bbox 352 678 452 738; x_wconf 85' lang='grc' dir='ltr'>τάδε</span> <span class='ocrx_word' id='word_1_44' title='bbox 435 705 544 739; x_wconf 89' lang='grc' dir='ltr'>απαντα</span> <span class='ocrx_word' id='word_1_45' title='bbox 557 707 612 739; x_wconf 80' lang='lat' dir='ltr'>mro</span> <span class='ocrx_word' id='word_1_46' title='bbox 603 678 851 756; x_wconf 85' lang='grc' dir='ltr'>βαρβάροισι’</span> <span class='ocrx_word' id='word_1_47' title='bbox 820 705 940 755; x_wconf 91' lang='grc' dir='ltr'>νεμεται</span> 
     </span>
     <span class='ocr_line' id='line_1_8' title="bbox 136 765 941 848; baseline 0 -22"><span class='ocrx_word' id='word_1_48' title='bbox 136 765 261 826; x_wconf 76' lang='grc' dir='ltr'>άλλιί’</span> <span class='ocrx_word' id='word_1_49' title='bbox 232 793 262 826; x_wconf 87' lang='grc' dir='ltr'>ευ</span> <span class='ocrx_word' id='word_1_50' title='bbox 278 793 333 848; x_wconf 90' lang='grc' dir='ltr'>γαρ</span> <span class='ocrx_word' id='word_1_51' title='bbox 349 766 417 843; x_wconf 85' lang='grc' dir='ltr'>ήμῑν</span> <span class='ocrx_word' id='word_1_52' title='bbox 433 768 480 826; x_wconf 83' lang='grc' dir='ltr'>καὶ</span> <span class='ocrx_word' id='word_1_53' title='bbox 498 768 543 828; x_wconf 81' lang='grc' dir='ltr'>ἐπὶ</span> <span class='ocrx_word' id='word_1_54' title='bbox 560 767 593 828; x_wconf 83' lang='grc' dir='ltr'>τό</span> <span class='ocrx_word' id='word_1_55' title='bbox 612 767 725 843; x_wconf 75' lang='grc' dir='ltr'>ἄμεινον</span> <span class='ocrx_word' id='word_1_56' title='bbox 741 767 872 842; x_wconf 79' lang='grc' dir='ltr'>κατέστη·</span> <span class='ocrx_word' id='word_1_57' title='bbox 894 769 941 826; x_wconf 83' lang='grc' dir='ltr'>νῦν</span> 
     </span>
     <span class='ocr_line' id='line_1_9' title="bbox 137 855 941 932; baseline 0.005 -19"><span class='ocrx_word' id='word_1_58' title='bbox 137 855 166 912; x_wconf 81' lang='grc' dir='ltr'>δὲ</span> <span class='ocrx_word' id='word_1_59' title='bbox 189 855 286 930; x_wconf 83' lang='grc' dir='ltr'>ἐπειδή</span> <span class='ocrx_word' id='word_1_60' title='bbox 309 855 535 931; x_wconf 85' lang='grc' dir='ltr'>περιελήλυθε</span> <span class='ocrx_word' id='word_1_61' title='bbox 518 882 534 916; x_wconf 92' lang='grc' dir='ltr'>ο</span> <span class='ocrx_word' id='word_1_62' title='bbox 558 855 683 932; x_wconf 91' lang='grc' dir='ltr'>πόλεμος</span> <span class='ocrx_word' id='word_1_63' title='bbox 706 856 751 914; x_wconf 82' lang='grc' dir='ltr'>καὶ</span> <span class='ocrx_word' id='word_1_64' title='bbox 775 855 890 914; x_wconf 75' lang='grc' dir='ltr'>ἀπῖκται</span> <span class='ocrx_word' id='word_1_65' title='bbox 914 860 941 918; x_wconf 84' lang='grc' dir='ltr'>ἐς</span> 
     </span>
     <span class='ocr_line' id='line_1_10' title="bbox 137 941 940 1052; baseline 0.002 -52"><span class='ocrx_word' id='word_1_66' title='bbox 137 941 231 1019; x_wconf 77' lang='grc' dir='ltr'>ιίμέας,</span> <span class='ocrx_word' id='word_1_67' title='bbox 250 943 323 1003; x_wconf 80' lang='grc' dir='ltr'>οὕτω</span> <span class='ocrx_word' id='word_1_68' title='bbox 343 945 377 1020; x_wconf 83' lang='grc' dir='ltr'>δή</span> <span class='ocrx_word' id='word_1_69' title='bbox 398 945 523 1008; x_wconf 85' lang='grc' dir='ltr'>Γέλωνος</span> <span class='ocrx_word' id='word_1_70' title='bbox 542 948 661 1052; x_wconf 75' lang='grc' dir='ltr'>μνῆστις</span> <span class='ocrx_word' id='word_1_71' title='bbox 680 946 788 1026; x_wconf 87' lang='grc' dir='ltr'>γέγονε.</span> <span class='ocrx_word' id='word_1_72' title='bbox 830 943 940 1020; x_wconf 87' lang='grc' dir='ltr'>α’τιμίης</span> 
     </span>
     <span class='ocr_line' id='line_1_11' title="bbox 137 1031 939 1110; baseline 0.003 -20"><span class='ocrx_word' id='word_1_73' title='bbox 137 1031 167 1090; x_wconf 78' lang='grc' dir='ltr'>δέ</span> <span class='ocrx_word' id='word_1_74' title='bbox 183 1033 255 1110; x_wconf 85' lang='grc' dir='ltr'>πρός</span> <span class='ocrx_word' id='word_1_75' title='bbox 272 1033 362 1110; x_wconf 91' lang='grc' dir='ltr'>υμέων</span> <span class='ocrx_word' id='word_1_76' title='bbox 381 1033 504 1109; x_wconf 85' lang='grc' dir='ltr'>κυρήσας</span> <span class='ocrx_word' id='word_1_77' title='bbox 522 1060 572 1093; x_wconf 92' lang='grc' dir='ltr'>ουκ</span> <span class='ocrx_word' id='word_1_78' title='bbox 592 1033 769 1110; x_wconf 75' lang='grc' dir='ltr'>ὁμοιώσομαι</span> <span class='ocrx_word' id='word_1_79' title='bbox 789 1032 854 1110; x_wconf 72' lang='grc' dir='ltr'>ὑμῖν</span> <span class='ocrx_word' id='word_1_80' title='bbox 874 1031 939 1092; x_wconf 70' lang='grc' dir='ltr'>ἀλλ’</span> 
     </span>
     <span class='ocr_line' id='line_1_12' title="bbox 137 1121 939 1200; baseline 0 -20"><span class='ocrx_word' id='word_1_81' title='bbox 137 1121 247 1198; x_wconf 82' lang='grc' dir='ltr'>ἐτοῖμός</span> <span class='ocrx_word' id='word_1_82' title='bbox 260 1127 316 1198; x_wconf 81' lang='grc' dir='ltr'>εἶμι</span> <span class='ocrx_word' id='word_1_83' title='bbox 329 1123 468 1198; x_wconf 88' lang='grc' dir='ltr'>βοηθέειν,</span> <span class='ocrx_word' id='word_1_84' title='bbox 480 1121 670 1200; x_wconf 85' lang='grc' dir='ltr'>παρεχόμενος</span> <span class='ocrx_word' id='word_1_85' title='bbox 683 1122 827 1196; x_wconf 83' lang='grc' dir='ltr'>διηκοσίας</span> <span class='ocrx_word' id='word_1_86' title='bbox 839 1147 869 1180; x_wconf 89' lang='grc' dir='ltr'>τε</span> <span class='ocrx_word' id='word_1_87' title='bbox 882 1147 939 1198; x_wconf 88' lang='grc' dir='ltr'>τρι·</span> 
     </span>
     <span class='ocr_line' id='line_1_13' title="bbox 136 1208 938 1288; baseline 0.004 -22"><span class='ocrx_word' id='word_1_88' title='bbox 136 1208 220 1285; x_wconf 87' lang='grc' dir='ltr'>η’ρεας</span> <span class='ocrx_word' id='word_1_89' title='bbox 238 1211 284 1268; x_wconf 85' lang='grc' dir='ltr'>καὶ</span> <span class='ocrx_word' id='word_1_90' title='bbox 300 1210 462 1286; x_wconf 85' lang='grc' dir='ltr'>δισμυρίους</span> <span class='ocrx_word' id='word_1_91' title='bbox 478 1209 604 1279; x_wconf 81' lang='grc' dir='ltr'>ὁπλίτας,</span> <span class='ocrx_word' id='word_1_92' title='bbox 622 1211 668 1268; x_wconf 87' lang='grc' dir='ltr'>καὶ</span> <span class='ocrx_word' id='word_1_93' title='bbox 685 1210 827 1288; x_wconf 82' lang='grc' dir='ltr'>δισχιλίην</span> <span class='ocrx_word' id='word_1_94' title='bbox 844 1209 938 1278; x_wconf 80' lang='grc' dir='ltr'>ἵππον,</span> 
     </span>
     <span class='ocr_line' id='line_1_14' title="bbox 138 1298 938 1376; baseline 0.003 -22"><span class='ocrx_word' id='word_1_95' title='bbox 138 1298 183 1354; x_wconf 83' lang='grc' dir='ltr'>καὶ</span> <span class='ocrx_word' id='word_1_96' title='bbox 196 1298 354 1376; x_wconf 85' lang='grc' dir='ltr'>δισχιλίους</span> <span class='ocrx_word' id='word_1_97' title='bbox 369 1299 492 1368; x_wconf 81' lang='grc' dir='ltr'>τοξότας,</span> <span class='ocrx_word' id='word_1_98' title='bbox 507 1299 553 1357; x_wconf 82' lang='grc' dir='ltr'>καὶ</span> <span class='ocrx_word' id='word_1_99' title='bbox 570 1299 726 1376; x_wconf 85' lang='grc' dir='ltr'>δισχιλίους</span> <span class='ocrx_word' id='word_1_100' title='bbox 739 1298 938 1373; x_wconf 83' lang='grc' dir='ltr'>σφενδονήτας,</span> 
     </span>
     <span class='ocr_line' id='line_1_15' title="bbox 138 1385 938 1465; baseline 0 -22"><span class='ocrx_word' id='word_1_101' title='bbox 138 1387 183 1444; x_wconf 87' lang='grc' dir='ltr'>καὶ</span> <span class='ocrx_word' id='word_1_102' title='bbox 196 1386 352 1465; x_wconf 89' lang='grc' dir='ltr'>δισχιλίους</span> <span class='ocrx_word' id='word_1_103' title='bbox 367 1387 554 1464; x_wconf 83' lang='grc' dir='ltr'>ἱπποδρόμους</span> <span class='ocrx_word' id='word_1_104' title='bbox 568 1385 677 1464; x_wconf 77' lang='grc' dir='ltr'>ψιλούς·</span> <span class='ocrx_word' id='word_1_105' title='bbox 698 1385 780 1446; x_wconf 88' lang='grc' dir='ltr'>σῖτόν</span> <span class='ocrx_word' id='word_1_106' title='bbox 792 1412 823 1446; x_wconf 89' lang='grc' dir='ltr'>τε</span> <span class='ocrx_word' id='word_1_107' title='bbox 841 1385 938 1464; x_wconf 73' lang='grc' dir='ltr'>ἁπάσῃ</span> 
     </span>
     <span class='ocr_line' id='line_1_16' title="bbox 136 1473 938 1554; baseline 0.002 -22"><span class='ocrx_word' id='word_1_108' title='bbox 136 1474 330 1552; x_wconf 79' lang='grc' dir='ltr'>τῇἙλλήνων</span> <span class='ocrx_word' id='word_1_109' title='bbox 347 1479 467 1554; x_wconf 82' lang='grc' dir='ltr'>στρατιῇ</span> <span class='ocrx_word' id='word_1_110' title='bbox 481 1474 537 1534; x_wconf 86' lang='grc' dir='ltr'>ἐστ’</span> <span class='ocrx_word' id='word_1_111' title='bbox 550 1473 585 1534; x_wconf 79' lang='grc' dir='ltr'>ἂν</span> <span class='ocrx_word' id='word_1_112' title='bbox 602 1474 853 1551; x_wconf 85' lang='grc' dir='ltr'>διαπολεμήσωμεν</span> <span class='ocrx_word' id='word_1_113' title='bbox 872 1473 938 1534; x_wconf 73' lang='grc' dir='ltr'>ὕπο·</span> 
     </span>
     <span class='ocr_line' id='line_1_17' title="bbox 135 1561 936 1644; baseline 0.001 -24"><span class='ocrx_word' id='word_1_114' title='bbox 135 1561 251 1637; x_wconf 87' lang='grc' dir='ltr'>δέκομαι</span> <span class='ocrx_word' id='word_1_115' title='bbox 261 1564 397 1639; x_wconf 86' lang='grc' dir='ltr'>παρέξειν·</span> <span class='ocrx_word' id='word_1_116' title='bbox 412 1564 457 1622; x_wconf 86' lang='grc' dir='ltr'>ἐπὶ</span> <span class='ocrx_word' id='word_1_117' title='bbox 468 1563 497 1622; x_wconf 82' lang='grc' dir='ltr'>δὲ</span> <span class='ocrx_word' id='word_1_118' title='bbox 506 1563 582 1644; x_wconf 83' lang='grc' dir='ltr'>λόγῳ</span> <span class='ocrx_word' id='word_1_119' title='bbox 590 1563 686 1640; x_wconf 73' lang='grc' dir='ltr'>τοιῷδε</span> <span class='ocrx_word' id='word_1_120' title='bbox 695 1562 761 1622; x_wconf 81' lang='grc' dir='ltr'>τάδε</span> <span class='ocrx_word' id='word_1_121' title='bbox 769 1562 936 1641; x_wconf 77' lang='grc' dir='ltr'>ὖπίσχομαι·</span> 
     </span>
     <span class='ocr_line' id='line_1_18' title="bbox 136 1648 938 1732; baseline 0.002 -24"><span class='ocrx_word' id='word_1_122' title='bbox 136 1650 178 1708; x_wconf 81' lang='grc' dir='ltr'>ἐπ’</span> <span class='ocrx_word' id='word_1_123' title='bbox 189 1648 210 1729; x_wconf 79' lang='grc' dir='ltr'>ᾧ</span> <span class='ocrx_word' id='word_1_124' title='bbox 221 1651 378 1730; x_wconf 89' lang='grc' dir='ltr'>στρατηγός</span> <span class='ocrx_word' id='word_1_125' title='bbox 391 1677 422 1710; x_wconf 89' lang='grc' dir='ltr'>τε</span> <span class='ocrx_word' id='word_1_126' title='bbox 436 1652 481 1710; x_wconf 83' lang='grc' dir='ltr'>καὶ</span> <span class='ocrx_word' id='word_1_127' title='bbox 494 1650 605 1732; x_wconf 79' lang='grc' dir='ltr'>ήγεμών</span> <span class='ocrx_word' id='word_1_128' title='bbox 614 1655 669 1710; x_wconf 80' lang='grc' dir='ltr'>τῶν</span> <span class='ocrx_word' id='word_1_129' title='bbox 681 1649 826 1726; x_wconf 90' lang='grc' dir='ltr'>Ἑλλήνων</span> <span class='ocrx_word' id='word_1_130' title='bbox 836 1652 938 1727; x_wconf 81' lang='grc' dir='ltr'>ἔσομαι</span> 
     </span>
     <span class='ocr_line' id='line_1_19' title="bbox 136 1737 938 1820; baseline 0.005 -25"><span class='ocrx_word' id='word_1_131' title='bbox 136 1738 206 1814; x_wconf 84' lang='grc' dir='ltr'>πρός</span> <span class='ocrx_word' id='word_1_132' title='bbox 219 1738 268 1798; x_wconf 85' lang='grc' dir='ltr'>τόν</span> <span class='ocrx_word' id='word_1_133' title='bbox 281 1739 442 1816; x_wconf 87' lang='grc' dir='ltr'>βάρβαρον·</span> <span class='ocrx_word' id='word_1_134' title='bbox 462 1738 503 1797; x_wconf 88' lang='grc' dir='ltr'>ἐπ’</span> <span class='ocrx_word' id='word_1_135' title='bbox 513 1738 593 1818; x_wconf 84' lang='grc' dir='ltr'>άλλῳ</span> <span class='ocrx_word' id='word_1_136' title='bbox 608 1739 637 1798; x_wconf 85' lang='grc' dir='ltr'>δὲ</span> <span class='ocrx_word' id='word_1_137' title='bbox 651 1739 728 1820; x_wconf 84' lang='grc' dir='ltr'>λόγῳ</span> <span class='ocrx_word' id='word_1_138' title='bbox 742 1738 798 1798; x_wconf 79' lang='grc' dir='ltr'>οὔτ’</span> <span class='ocrx_word' id='word_1_139' title='bbox 809 1737 842 1798; x_wconf 75' lang='grc' dir='ltr'>ἂν</span> <span class='ocrx_word' id='word_1_140' title='bbox 854 1738 938 1802; x_wconf 79' lang='grc' dir='ltr'>οὗτός</span> 
     </span>
     <span class='ocr_line' id='line_1_20' title="bbox 135 1825 983 1904; baseline 0.001 -19"><span class='ocrx_word' id='word_1_141' title='bbox 135 1827 247 1902; x_wconf 75' lang='grc' dir='ltr'>ἔλθοιμι</span> <span class='ocrx_word' id='word_1_142' title='bbox 261 1826 317 1886; x_wconf 75' lang='grc' dir='ltr'>οὔτ’</span> <span class='ocrx_word' id='word_1_143' title='bbox 327 1825 361 1885; x_wconf 76' lang='grc' dir='ltr'>ἂν</span> <span class='ocrx_word' id='word_1_144' title='bbox 371 1826 476 1891; x_wconf 78' lang='grc' dir='ltr'>ἄλλους</span> <span class='ocrx_word' id='word_1_145' title='bbox 490 1826 657 1904; x_wconf 80' lang='grc' dir='ltr'>πέμψαιμι.”</span> <span class='ocrx_word' id='word_1_146' title='bbox 686 1831 780 1886; x_wconf 80' lang='grc' dir='ltr'>Ταῦτα</span> <span class='ocrx_word' id='word_1_147' title='bbox 794 1826 917 1890; x_wconf 80' lang='grc' dir='ltr'>άκοόσας</span> <span class='ocrx_word' id='word_1_148' title='bbox 929 1829 983 1886; x_wconf 82' lang='grc'>159</span> 
     </span>
     <span class='ocr_line' id='line_1_21' title="bbox 134 1913 936 1997; baseline 0.001 -24"><span class='ocrx_word' id='word_1_149' title='bbox 134 1913 198 1974; x_wconf 71' lang='grc' dir='ltr'>οὗτε</span> <span class='ocrx_word' id='word_1_150' title='bbox 214 1914 351 1994; x_wconf 83' lang='grc' dir='ltr'>ήνέσχετο</span> <span class='ocrx_word' id='word_1_151' title='bbox 367 1915 383 1974; x_wconf 88' lang='grc' dir='ltr'>ό</span> <span class='ocrx_word' id='word_1_152' title='bbox 401 1916 526 1997; x_wconf 75' lang='grc' dir='ltr'>Σύαγρος</span> <span class='ocrx_word' id='word_1_153' title='bbox 542 1916 603 1974; x_wconf 84' lang='grc' dir='ltr'>εἶπέ</span> <span class='ocrx_word' id='word_1_154' title='bbox 618 1941 649 1974; x_wconf 93' lang='grc' dir='ltr'>τε</span> <span class='ocrx_word' id='word_1_155' title='bbox 665 1916 740 1974; x_wconf 88' lang='grc' dir='ltr'>τάδε·</span> <span class='ocrx_word' id='word_1_156' title='bbox 761 1915 807 1992; x_wconf 85' lang='grc' dir='ltr'>“ἦ</span> <span class='ocrx_word' id='word_1_157' title='bbox 827 1942 856 1974; x_wconf 92' lang='grc' dir='ltr'>κε</span> <span class='ocrx_word' id='word_1_158' title='bbox 874 1915 936 1996; x_wconf 82' lang='grc' dir='ltr'>μέγ’</span> 
     </span>
     <span class='ocr_line' id='line_1_22' title="bbox 133 2002 936 2084; baseline 0.002 -24"><span class='ocrx_word' id='word_1_159' title='bbox 133 2002 276 2078; x_wconf 80' lang='grc' dir='ltr'>οέμιόξειεν</span> <span class='ocrx_word' id='word_1_160' title='bbox 309 2002 325 2062; x_wconf 86' lang='lat'>6</span> <span class='ocrx_word' id='word_1_161' title='bbox 360 2004 521 2080; x_wconf 82' lang='grc' dir='ltr'>Πελοπίδης</span> <span class='ocrx_word' id='word_1_162' title='bbox 555 2003 746 2084; x_wconf 85' lang='grc' dir='ltr'>Ἀγαμέμνων,</span> <span class='ocrx_word' id='word_1_163' title='bbox 781 2003 936 2081; x_wconf 90' lang='grc' dir='ltr'>πυθόμενος</span> 
     </span>
     <span class='ocr_line' id='line_1_23' title="bbox 134 2090 936 2172; baseline -0.002 -20"><span class='ocrx_word' id='word_1_164' title='bbox 134 2090 313 2166; x_wconf 71' lang='grc' dir='ltr'>Σπαρτιήτας</span> <span class='ocrx_word' id='word_1_165' title='bbox 325 2091 377 2167; x_wconf 83' lang='grc' dir='ltr'>τήν</span> <span class='ocrx_word' id='word_1_166' title='bbox 389 2091 539 2172; x_wconf 79' lang='grc' dir='ltr'>ἡγεμονίην</span> <span class='ocrx_word' id='word_1_167' title='bbox 552 2091 765 2168; x_wconf 74' lang='grc' dir='ltr'>ἀπαραιρῆσθαι</span> <span class='ocrx_word' id='word_1_168' title='bbox 778 2091 832 2152; x_wconf 71' lang='grc' dir='ltr'>ὑπό</span> <span class='ocrx_word' id='word_1_169' title='bbox 846 2093 936 2150; x_wconf 86' lang='grc' dir='ltr'>Γέλω·</span> 
     </span>
     <span class='ocr_line' id='line_1_24' title="bbox 133 2177 936 2261; baseline 0.006 -26"><span class='ocrx_word' id='word_1_170' title='bbox 133 2177 179 2240; x_wconf 88' lang='grc' dir='ltr'>νός</span> <span class='ocrx_word' id='word_1_171' title='bbox 191 2204 223 2236; x_wconf 89' lang='grc' dir='ltr'>τε</span> <span class='ocrx_word' id='word_1_172' title='bbox 237 2179 283 2236; x_wconf 83' lang='grc' dir='ltr'>καὶ</span> <span class='ocrx_word' id='word_1_173' title='bbox 297 2181 501 2255; x_wconf 77' lang='grc' dir='ltr'>Συρηκουσέων</span> <span class='ocrx_word' id='word_1_174' title='bbox 519 2180 596 2238; x_wconf 75' lang='grc' dir='ltr'>ἀλλὰ</span> <span class='ocrx_word' id='word_1_175' title='bbox 609 2179 709 2239; x_wconf 84' lang='grc' dir='ltr'>τούτου</span> <span class='ocrx_word' id='word_1_176' title='bbox 723 2183 774 2253; x_wconf 79' lang='grc' dir='ltr'>μὲν</span> <span class='ocrx_word' id='word_1_177' title='bbox 784 2184 834 2240; x_wconf 80' lang='grc' dir='ltr'>τοῦ</span> <span class='ocrx_word' id='word_1_178' title='bbox 847 2180 936 2261; x_wconf 91' lang='grc' dir='ltr'>λόγου</span> 
     </span>
     <span class='ocr_line' id='line_1_25' title="bbox 132 2267 934 2349; baseline 0.005 -25"><span class='ocrx_word' id='word_1_179' title='bbox 132 2267 232 2340; x_wconf 89' lang='grc' dir='ltr'>μηκέτι</span> <span class='ocrx_word' id='word_1_180' title='bbox 247 2269 384 2346; x_wconf 78' lang='grc' dir='ltr'>μνησθῇς,</span> <span class='ocrx_word' id='word_1_181' title='bbox 397 2267 467 2330; x_wconf 80' lang='grc' dir='ltr'>ὅκως</span> <span class='ocrx_word' id='word_1_182' title='bbox 483 2269 534 2344; x_wconf 82' lang='grc' dir='ltr'>τήν</span> <span class='ocrx_word' id='word_1_183' title='bbox 547 2267 697 2349; x_wconf 87' lang='grc' dir='ltr'>ήγεμονίην</span> <span class='ocrx_word' id='word_1_184' title='bbox 710 2295 754 2328; x_wconf 91' lang='grc' dir='ltr'>τοι</span> <span class='ocrx_word' id='word_1_185' title='bbox 772 2269 934 2346; x_wconf 76' lang='grc' dir='ltr'>παραδάσο·</span> 
     </span>
     <span class='ocr_line' id='line_1_26' title="bbox 131 2353 935 2462; baseline 0.005 -50"><span class='ocrx_word' id='word_1_186' title='bbox 131 2379 193 2428; x_wconf 90' lang='grc' dir='ltr'>μεν·</span> <span class='ocrx_word' id='word_1_187' title='bbox 215 2353 290 2424; x_wconf 69' lang='grc' dir='ltr'>ἀλλ’,</span> <span class='ocrx_word' id='word_1_188' title='bbox 306 2359 392 2462; x_wconf 79' lang='grc' dir='ltr'>εἰμὲν</span> <span class='ocrx_word' id='word_1_189' title='bbox 404 2357 526 2431; x_wconf 79' lang='grc' dir='ltr'>βούλεαι</span> <span class='ocrx_word' id='word_1_190' title='bbox 539 2357 672 2433; x_wconf 88' lang='grc' dir='ltr'>βοηθέειν</span> <span class='ocrx_word' id='word_1_191' title='bbox 684 2361 720 2436; x_wconf 81' lang='grc' dir='ltr'>τῇ</span> <span class='ocrx_word' id='word_1_192' title='bbox 733 2357 860 2427; x_wconf 79' lang='grc' dir='ltr'>Ἑλλάδι,</span> <span class='ocrx_word' id='word_1_193' title='bbox 875 2358 935 2418; x_wconf 85' lang='grc' dir='ltr'>’ίσθι</span> 
     </span>
     <span class='ocr_line' id='line_1_27' title="bbox 132 2439 935 2553; baseline 0.005 -53"><span class='ocrx_word' id='word_1_194' title='bbox 132 2439 314 2518; x_wconf 66' lang='grc' dir='ltr'>ἀρξόμενος</span> <span class='ocrx_word' id='word_1_195' title='bbox 298 2469 353 2502; x_wconf 89' lang='grc' dir='ltr'>υπο</span> <span class='ocrx_word' id='word_1_196' title='bbox 345 2444 599 2522; x_wconf 81' lang='grc' dir='ltr'>Λακεδαιμονίων·</span> <span class='ocrx_word' id='word_1_197' title='bbox 622 2472 646 2505; x_wconf 92' lang='grc' dir='ltr'>ει</span> <span class='ocrx_word' id='word_1_198' title='bbox 638 2445 717 2504; x_wconf 85' lang='grc' dir='ltr'>””δ</span> <span class='ocrx_word' id='word_1_199' title='bbox 699 2473 753 2523; x_wconf 90' lang='grc' dir='ltr'>αρα</span> <span class='ocrx_word' id='word_1_200' title='bbox 764 2473 806 2553; x_wconf 82' lang='grc' dir='ltr'>μη</span> <span class='ocrx_word' id='word_1_201' title='bbox 798 2447 935 2510; x_wconf 81' lang='grc' dir='ltr'>δικαιοῖς</span> 
     </span>
     <span class='ocr_line' id='line_1_28' title="bbox 130 2528 982 2610; baseline 0.007 -24"><span class='ocrx_word' id='word_1_202' title='bbox 130 2528 280 2608; x_wconf 89' lang='grc' dir='ltr'>αρχεσθαι,</span> <span class='ocrx_word' id='word_1_203' title='bbox 296 2556 333 2588; x_wconf 88' lang='grc' dir='ltr'>συ</span> <span class='ocrx_word' id='word_1_204' title='bbox 326 2531 376 2589; x_wconf 86' lang='grc' dir='ltr'>δέ</span> <span class='ocrx_word' id='word_1_205' title='bbox 389 2557 429 2608; x_wconf 91' lang='grc' dir='ltr'>μη</span> <span class='ocrx_word' id='word_1_206' title='bbox 421 2531 599 2609; x_wconf 48' lang='grc' dir='ltr'>βοηθέεινΪ</span> <span class='ocrx_word' id='word_1_207' title='bbox 635 2533 712 2610; x_wconf 85' lang='grc' dir='ltr'>Πρός</span> <span class='ocrx_word' id='word_1_208' title='bbox 724 2539 812 2593; x_wconf 82' lang='grc' dir='ltr'>ταῦτα</span> <span class='ocrx_word' id='word_1_209' title='bbox 831 2562 846 2594; x_wconf 94' lang='grc' dir='ltr'>ο</span> <span class='ocrx_word' id='word_1_210' title='bbox 839 2533 914 2592; x_wconf 89' lang='grc' dir='ltr'>Γέ·</span> <span class='ocrx_word' id='word_1_211' title='bbox 925 2536 982 2594; x_wconf 82' lang='grc'>160</span> 
     </span>
     <span class='ocr_line' id='line_1_29' title="bbox 130 2620 935 2702; baseline 0.009 -27"><span class='ocrx_word' id='word_1_212' title='bbox 130 2622 232 2686; x_wconf 88' lang='grc' dir='ltr'>λων,’</span> <span class='ocrx_word' id='word_1_213' title='bbox 220 2644 268 2676; x_wconf 91' lang='grc' dir='ltr'>επε</span> <span class='ocrx_word' id='word_1_214' title='bbox 333 2645 390 2696; x_wconf 91' lang='grc' dir='ltr'>ωρα</span> <span class='ocrx_word' id='word_1_215' title='bbox 410 2620 659 2698; x_wconf 78' lang='grc' dir='ltr'>ἀπεστραμμένους</span> <span class='ocrx_word' id='word_1_216' title='bbox 680 2649 743 2684; x_wconf 85' lang='grc' dir='ltr'>τοις</span> <span class='ocrx_word' id='word_1_217' title='bbox 763 2622 866 2702; x_wconf 89' lang='grc' dir='ltr'>λόγους</span> <span class='ocrx_word' id='word_1_218' title='bbox 885 2626 935 2682; x_wconf 82' lang='grc' dir='ltr'>τοῦ</span> 
     </span>
     <span class='ocr_line' id='line_1_30' title="bbox 131 2704 933 2790; baseline 0.009 -28"><span class='ocrx_word' id='word_1_219' title='bbox 131 2704 316 2785; x_wconf 76' lang='grc' dir='ltr'>Συάγρου,</span> <span class='ocrx_word' id='word_1_220' title='bbox 283 2731 333 2764; x_wconf 88' lang='grc' dir='ltr'>τον</span> <span class='ocrx_word' id='word_1_221' title='bbox 347 2707 508 2768; x_wconf 80' lang='grc' dir='ltr'>τελευταῖόν</span> <span class='ocrx_word' id='word_1_222' title='bbox 523 2717 581 2784; x_wconf 92' lang='grc' dir='ltr'>σφι</span> <span class='ocrx_word' id='word_1_223' title='bbox 596 2709 675 2768; x_wconf 86' lang='grc' dir='ltr'>τόνδε</span> <span class='ocrx_word' id='word_1_224' title='bbox 694 2709 820 2784; x_wconf 81' lang='grc' dir='ltr'>ἐξέφαινε</span> <span class='ocrx_word' id='word_1_225' title='bbox 837 2708 933 2790; x_wconf 81' lang='grc' dir='ltr'>λόγον’</span> 
     </span>
     <span class='ocr_line' id='line_1_31' title="bbox 130 2791 933 2876; baseline 0.006 -26"><span class='ocrx_word' id='word_1_226' title='bbox 130 2791 178 2850; x_wconf 79' lang='grc' dir='ltr'>“ὦ</span> <span class='ocrx_word' id='word_1_227' title='bbox 193 2794 265 2863; x_wconf 85' lang='grc' dir='ltr'>ξεῖνε</span> <span class='ocrx_word' id='word_1_228' title='bbox 282 2797 453 2871; x_wconf 78' lang='grc' dir='ltr'>Σπαρτιῆτα,</span> <span class='ocrx_word' id='word_1_229' title='bbox 468 2795 573 2856; x_wconf 82' lang='grc' dir='ltr'>ὀνείδεα</span> <span class='ocrx_word' id='word_1_230' title='bbox 590 2797 719 2858; x_wconf 87' lang='grc' dir='ltr'>κατιόντα</span> <span class='ocrx_word' id='word_1_231' title='bbox 735 2797 871 2876; x_wconf 78' lang='grc' dir='ltr'>ἅνθράπιρ</span> <span class='ocrx_word' id='word_1_232' title='bbox 888 2805 933 2872; x_wconf 90' lang='grc' dir='ltr'>φι-</span> 
     </span>
     <span class='ocr_line' id='line_1_32' title="bbox 129 2881 934 2963; baseline 0.015 -25"><span class='ocrx_word' id='word_1_233' title='bbox 129 2881 188 2940; x_wconf 87' lang='grc' dir='ltr'>λέει</span> <span class='ocrx_word' id='word_1_234' title='bbox 208 2882 356 2963; x_wconf 83' lang='grc' dir='ltr'>ἐπανάγειν</span> <span class='ocrx_word' id='word_1_235' title='bbox 373 2883 424 2943; x_wconf 80' lang='grc' dir='ltr'>τόν</span> <span class='ocrx_word' id='word_1_236' title='bbox 443 2884 540 2961; x_wconf 90' lang='grc' dir='ltr'>θυμόν·</span> <span class='ocrx_word' id='word_1_237' title='bbox 562 2885 600 2944; x_wconf 76' lang='grc' dir='ltr'>αὖ</span> <span class='ocrx_word' id='word_1_238' title='bbox 616 2886 712 2963; x_wconf 89' lang='grc' dir='ltr'>μέντοι</span> <span class='ocrx_word' id='word_1_239' title='bbox 730 2885 934 2962; x_wconf 79' lang='grc' dir='ltr'>ἀποδεξάμενος</span> 
     </span>
     <span class='ocr_line' id='line_1_33' title="bbox 128 2968 935 3053; baseline 0.01 -27"><span class='ocrx_word' id='word_1_240' title='bbox 128 2968 298 3046; x_wconf 68' lang='grc' dir='ltr'>ὑβρίσματα</span> <span class='ocrx_word' id='word_1_241' title='bbox 311 2975 340 3030; x_wconf 86' lang='grc' dir='ltr'>ἐν</span> <span class='ocrx_word' id='word_1_242' title='bbox 356 2976 394 3050; x_wconf 80' lang='grc' dir='ltr'>τῷ</span> <span class='ocrx_word' id='word_1_243' title='bbox 410 2972 494 3053; x_wconf 78' lang='grc' dir='ltr'>λόγῳ,</span> <span class='ocrx_word' id='word_1_244' title='bbox 511 2972 544 3033; x_wconf 75' lang='grc' dir='ltr'>οὔ</span> <span class='ocrx_word' id='word_1_245' title='bbox 559 2999 596 3050; x_wconf 91' lang='grc' dir='ltr'>με</span> <span class='ocrx_word' id='word_1_246' title='bbox 612 2976 726 3038; x_wconf 88' lang='grc' dir='ltr'>ἐπεισας</span> <span class='ocrx_word' id='word_1_247' title='bbox 740 2973 892 3053; x_wconf 83' lang='grc' dir='ltr'>όσχήμονα</span> <span class='ocrx_word' id='word_1_248' title='bbox 906 2979 935 3034; x_wconf 93' lang='grc' dir='ltr'>ἐν</span> 
     </span>
     <span class='ocr_line' id='line_1_34' title="bbox 127 3056 934 3140; baseline 0.006 -25"><span class='ocrx_word' id='word_1_249' title='bbox 127 3061 164 3135; x_wconf 79' lang='grc' dir='ltr'>τῇ</span> <span class='ocrx_word' id='word_1_250' title='bbox 178 3056 290 3137; x_wconf 74' lang='grc' dir='ltr'>ἀμοιβῇ</span> <span class='ocrx_word' id='word_1_251' title='bbox 303 3061 444 3140; x_wconf 87' lang='grc' dir='ltr'>γενέσθαι·</span> <span class='ocrx_word' id='word_1_252' title='bbox 466 3060 532 3121; x_wconf 84' lang='grc' dir='ltr'>ὅκου</span> <span class='ocrx_word' id='word_1_253' title='bbox 549 3061 578 3121; x_wconf 84' lang='grc' dir='ltr'>δέ</span> <span class='ocrx_word' id='word_1_254' title='bbox 594 3061 672 3138; x_wconf 79' lang='grc' dir='ltr'>όμεῖς</span> <span class='ocrx_word' id='word_1_255' title='bbox 686 3062 756 3122; x_wconf 81' lang='grc' dir='ltr'>οὕτω</span> <span class='ocrx_word' id='word_1_256' title='bbox 769 3064 934 3140; x_wconf 87' lang='grc' dir='ltr'>περιέχεσθε</span> 
     </span>
     <span class='ocr_line' id='line_1_35' title="bbox 127 3145 934 3228; baseline -0.006 -19"><span class='ocrx_word' id='word_1_257' title='bbox 127 3149 179 3221; x_wconf 71' lang='grc' dir='ltr'>τῆς</span> <span class='ocrx_word' id='word_1_258' title='bbox 199 3145 358 3228; x_wconf 85' lang='grc' dir='ltr'>ήγεμονίης,</span> <span class='ocrx_word' id='word_1_259' title='bbox 373 3149 448 3212; x_wconf 78' lang='grc' dir='ltr'>οἰκός</span> <span class='ocrx_word' id='word_1_260' title='bbox 468 3150 515 3208; x_wconf 80' lang='grc' dir='ltr'>καὶ</span> <span class='ocrx_word' id='word_1_261' title='bbox 536 3153 584 3226; x_wconf 85' lang='grc' dir='ltr'>ἐμὲ</span> <span class='ocrx_word' id='word_1_262' title='bbox 604 3155 716 3225; x_wconf 84' lang='grc' dir='ltr'>μᾶλλον</span> <span class='ocrx_word' id='word_1_263' title='bbox 736 3149 826 3223; x_wconf 71' lang='grc' dir='ltr'>ὑμέων</span> <span class='ocrx_word' id='word_1_264' title='bbox 847 3150 934 3221; x_wconf 86' lang='grc' dir='ltr'>περιέ-</span> 
     </span>
     <span class='ocr_line' id='line_1_36' title="bbox 127 3232 934 3313; baseline -0.01 -19"><span class='ocrx_word' id='word_1_265' title='bbox 127 3235 242 3313; x_wconf 89' lang='grc' dir='ltr'>χεσθαι,</span> <span class='ocrx_word' id='word_1_266' title='bbox 263 3240 399 3313; x_wconf 87' lang='grc' dir='ltr'>στρατιῆς</span> <span class='ocrx_word' id='word_1_267' title='bbox 418 3261 449 3295; x_wconf 93' lang='grc' dir='ltr'>τε</span> <span class='ocrx_word' id='word_1_268' title='bbox 469 3236 550 3295; x_wconf 86' lang='grc' dir='ltr'>ἐόντα</span> <span class='ocrx_word' id='word_1_269' title='bbox 570 3235 791 3305; x_wconf 85' lang='grc' dir='ltr'>πολλοπλασίης</span> <span class='ocrx_word' id='word_1_270' title='bbox 811 3232 934 3308; x_wconf 84' lang='grc' dir='ltr'>ήγεμόνα</span> 
     </span>
     <span class='ocr_line' id='line_1_37' title="bbox 127 3314 933 3400; baseline -0.014 -18"><span class='ocrx_word' id='word_1_271' title='bbox 127 3325 174 3386; x_wconf 77' lang='grc' dir='ltr'>καί</span> <span class='ocrx_word' id='word_1_272' title='bbox 188 3327 262 3400; x_wconf 76' lang='grc' dir='ltr'>νηῶν</span> <span class='ocrx_word' id='word_1_273' title='bbox 277 3322 353 3382; x_wconf 73' lang='grc' dir='ltr'>πολι)</span> <span class='ocrx_word' id='word_1_274' title='bbox 369 3323 505 3382; x_wconf 81' lang='grc' dir='ltr'>πλεόνων·</span> <span class='ocrx_word' id='word_1_275' title='bbox 526 3320 591 3378; x_wconf 76' lang='grc' dir='ltr'>ἀλλ’</span> <span class='ocrx_word' id='word_1_276' title='bbox 607 3319 669 3376; x_wconf 85' lang='grc' dir='ltr'>ἐπεί</span> <span class='ocrx_word' id='word_1_277' title='bbox 684 3342 715 3374; x_wconf 89' lang='grc' dir='ltr'>τε</span> <span class='ocrx_word' id='word_1_278' title='bbox 732 3316 797 3388; x_wconf 78' lang='grc' dir='ltr'>ὑμῖν</span> <span class='ocrx_word' id='word_1_279' title='bbox 814 3315 831 3371; x_wconf 86' lang='grc' dir='ltr'>ὁ</span> <span class='ocrx_word' id='word_1_280' title='bbox 847 3314 933 3389; x_wconf 86' lang='grc' dir='ltr'>λόγος</span> 
     </span>
    </p>
   </div>
   <div class='ocr_carea' id='block_1_2' title="bbox 0 0 1146 3550">
    <p class='ocr_par' dir='ltr' id='par_1_2' title="bbox 0 0 1146 3550">
     <span class='ocr_line' id='line_1_38' title="bbox 0 0 1146 3550; baseline 0 3"><span class='ocrx_word' id='word_1_281' title='bbox 0 0 1146 3550; x_wconf 95' lang='lat' dir='ltr'> </span> 
     </span>
    </p>
   </div>
  </div>
 </body>
</html>
