2276 3554
181 123 224 174 ιοι
483 119 666 169 ¹111³0A0w0‘r
917 116 979 182 [τι.

178 200 357 277 Καλλίμαχε,
374 199 436 257 ἔστι
453 195 471 273 ἢ
488 197 702 257 καταδουλῶσαι
717 196 846 273 Ἀθήνας,
866 196 884 273 ἦ
906 202 983 256 ε’λευ-

177 289 259 365 θέρας
272 286 431 363 ποιήσαντα
444 285 610 362 μνημόσυνα
620 286 755 344 λιπέσθαι
769 289 796 347 ές
808 284 858 346 τόν
872 285 985 344 ἅπαντα

177 375 328 454 άνθράπων
342 375 418 452 βίον,
436 374 482 434 οἶα
501 373 563 433 οὐδὲ
579 373 728 451 Ἁρμόδιός
744 399 775 432 τε
794 375 840 431 καὶ
853 373 985 449 Ἀριστο-

177 466 275 546 γείτων
285 464 427 524 λείπουσι·
441 466 490 522 νῦν
498 461 554 543 γάρ
565 461 609 538 δή,
620 461 651 531 ἐξ
659 457 692 520 οὗ
704 462 831 542 ἐγένοντο
838 460 986 538 Ἀθηναῖοι

179 557 206 616 ἒς
228 552 352 612 κίνδυνον
373 550 475 626 ἥκουσι
496 551 641 632 μέγιστον·
672 550 718 608 καὶ
736 548 771 626 ἢν
791 551 843 626 μέν
863 577 897 630 γε
916 549 985 610 ὕπο-

179 641 289 719 κύψωσι
301 645 378 700 τοῖσι
392 639 527 714 Μήδοισι,
542 639 669 698 δέδοκται
681 637 718 697 τά
733 639 881 698 πείσονται
894 665 986 716 παρα·

180 729 321 806 δεδομένοι
338 727 444 805 Ἱππίῃ·
465 725 500 803 ἢν
519 727 549 785 δὲ
565 727 744 808 περιγένηται
762 725 831 803 αὕτη
852 727 870 804 ἦ
891 728 985 801 πόλις,

179 818 224 893 οἴη
237 818 270 877 τέ
282 823 344 876 ε’στι
356 816 451 892 πρώτη
464 820 519 874 τῶν
532 814 705 891 Ἑλληνίδων
718 816 824 874 πολίων
841 818 985 896 γενέσθαι.

180 910 232 969 κῶς
246 905 283 965 ὦν
297 904 331 981 δή
344 909 432 964 ταῦτα
446 904 492 963 οἶά
504 905 537 963 τέ
550 909 612 963 ε’στι
629 904 770 984 γενέσθαι,
785 905 830 962 καὶ
844 909 896 968 κῶς
910 911 938 984 ές
951 907 989 966 σε’

179 1020 207 1054 τι
219 993 324 1054 τούτων
337 993 433 1068 άνῆκει
445 996 500 1052 τῶν
513 991 684 1072 πρηγμάτων
699 990 733 1051 τό
747 996 829 1068 κῦρος
842 994 922 1072 ἔχειν,
938 999 988 1054 νῦν

180 1084 297 1162 ἔρχομαι
309 1081 437 1160 φράσων·
452 1080 545 1158 ἡμέων
558 1085 613 1140 τῶν
627 1086 794 1161 στρατηγῶν
807 1081 906 1141 ἐόντων
920 1082 988 1141 δέκα

181 1171 246 1250 δίχα
265 1172 390 1253 γίνονται
408 1173 437 1229 αἱ
453 1174 569 1251 γνῶμαι·
591 1173 646 1228 τῶν
663 1171 714 1244 μὲν
734 1170 901 1230 κελευόντων
915 1197 987 1248 συμ-

180 1261 305 1335 βαλέειν,
329 1263 385 1320 τῶν
406 1260 435 1318 δὲ
457 1258 489 1317 οὗ
510 1256 724 1340 [συμβαλέειν]·
751 1256 786 1333 ἢν
805 1259 857 1334 μέν
877 1285 925 1319 νυν
945 1261 987 1337 μὴ

182 1349 383 1424 συμβάλωμεν,
400 1348 525 1423 ἔλπομαί
543 1373 605 1406 τινα
631 1346 735 1406 στάσιν
756 1347 885 1427 μεγάλην
904 1353 988 1425 ε’μπε-

181 1439 292 1494 σοῦσαν
309 1436 462 1494 διασείσειν
486 1434 520 1493 τά
542 1434 698 1510 Ἀθηναίων
717 1435 893 1512 φρονήματα,
914 1435 988 1496 ὥστε

181 1522 309 1599 μηδίσαι·
337 1521 372 1598 ἣν
394 1523 423 1580 δὲ
450 1522 647 1600 συμβάλωμεν
669 1523 734 1600 πρίν
755 1549 783 1582 τι
807 1525 853 1582 καὶ
880 1525 989 1602 σαθρόν

181 1609 335 1686 Ἀθηναίων
355 1611 559 1687 μετεξετέροισι
588 1612 759 1692 ἐγγενέσθαι,
783 1614 852 1672 θεῶν
877 1614 913 1672 τά
936 1613 989 1673 ἶσα

183 1698 328 1775 νεμόντων,
351 1699 455 1759 οἷοίτε
477 1701 552 1776 εἰμὲν
572 1701 768 1781 περιγενέσθαι
784 1705 819 1779 τῇ
838 1704 988 1782 συμβολῇ.

182 1791 271 1847 ταῦτα
284 1787 321 1849 ὧν
333 1789 425 1849 πάντα
438 1793 466 1851 ές
479 1791 514 1846 σὲ
528 1793 577 1848 νῦν
589 1790 678 1858 τείνει,
694 1790 739 1847 καὶ
753 1795 783 1848 ἐκ
797 1791 848 1848 σέο
861 1789 988 1868 άρτηται.

183 1874 217 1952 ἢν
229 1877 285 1958 γάρ
305 1877 342 1937 σι)
354 1877 451 1958 γνώμη
465 1880 565 1956 τῇέμῇ
579 1879 702 1956 προσθῇ,
717 1878 777 1936 ἔστι
790 1905 833 1937 τοι
847 1881 945 1956 πατρίς
957 1906 989 1939 τε

185 1966 317 2042 ε’λευθέρη
332 1967 378 2024 καὶ
392 1965 475 2028 πόλις
491 1965 587 2042 πράτη
600 1969 655 2024 τῶν
669 1971 697 2025 ἐν
709 1970 746 2044 τῇ
763 1965 890 2026 Ἑλλάδι·
911 1966 945 2043 ἢν
959 1968 990 2027 δὲ

183 2053 235 2128 την
247 2057 303 2113 τῶν
319 2052 553 2113 ἀποσπευδόντων
567 2053 618 2128 την
632 2055 786 2130 συμβολήν
800 2056 859 2134 ἕλῃ,
873 2055 990 2132 ὑπάρξει

142 2143 197 2201 110
208 2167 253 2200 τοι
270 2147 324 2202 τῶν
338 2143 392 2222 ε’γιδ
407 2142 542 2212 κατέλεξα
556 2141 670 2223 α’γαθιδν
682 2143 717 2202 τά
732 2144 865 2203 ἒναντία.”
895 2149 991 2205 Ταῦτα

186 2229 277 2311 λέγων
299 2225 315 2288 ό
338 2230 495 2306 Μιλτιάδης
519 2235 695 2308 προσκτᾶται
719 2231 767 2291 τόν
789 2234 989 2312 Καλλίμαχον·

187 2318 415 2396 προσγενομένης
445 2318 475 2377 δὲ
505 2323 557 2378 τοῦ
583 2319 766 2398 πολεμάρχου
792 2325 842 2397 τῆς
869 2321 988 2401 γνώμης,

185 2403 335 2480 ἐκεκύρωτο
351 2405 544 2483 συμβάλλειν
572 2407 644 2484 μετά
663 2409 700 2478 δὲ,
716 2413 742 2468 οἱ
760 2411 916 2490 στρατηγοὶ
935 2414 991 2468 τῶν

185 2491 312 2572 ἡγνάμη
328 2494 409 2570 ἔφερε
428 2495 620 2570 συμβάλλειν,
636 2496 671 2560 οἷς
689 2497 809 2557 ἑκάστου
828 2497 918 2558 αὐτῶν
937 2499 991 2579 ε’γί-

186 2605 249 2640 νετο
266 2582 420 2658 πρυτανηίη
437 2587 488 2658 τῆς
506 2583 619 2661 η’μέρης,
641 2586 785 2664 Μιλτιάδη
804 2586 992 2663 παρεδίδοσαν

186 2668 246 2728 όδὲ
260 2669 405 2746 δεκόμενος
425 2670 485 2730 οὔτι
500 2699 537 2730 κω
556 2673 711 2749 συμβολήν
729 2675 861 2743 ε’ποιέετο,
876 2675 941 2751 πρίν
959 2701 992 2756 γε

188 2757 221 2832 δή
236 2756 321 2816 αθτοῦ
336 2760 489 2835 πρυτανηίη
505 2761 622 2839 ἐγένετο.

143 2848 195 2904 lll
240 2845 289 2908 Ὡς
302 2846 331 2904 δὲ
346 2852 373 2908 ἒς
386 2850 489 2906 ἐκεῖνον
503 2849 646 2924 περιῆλθε,
659 2850 777 2908 ε’νθαῦτα
790 2849 824 2924 δή
836 2849 993 2910 ἐτάσσοντο

189 2932 240 2992 ὧδε
266 2934 410 3011 Ἀθηναῖοι
437 2934 472 2998 ὥς
499 2939 721 3014 συμβαλέοντες·
752 2942 801 2997 τοῦ
825 2941 876 3014 μὲν
902 2939 993 3008 δεξιοῦ

189 3024 282 3099 κέρεος
306 3023 443 3105 ἦγέετοό
467 3027 647 3103 πολέμαρχος
672 3028 868 3104 Καλλίμαχος·
900 3026 916 3087 ό
937 3027 994 3108 ’γάρ

191 3110 275 3186 νόμος
295 3111 358 3170 τότε
379 3113 437 3191 εἶχε
455 3111 525 3170 οάτω
547 3119 622 3170 τοῖσι
639 3113 823 3188 Ἀθηναίοισι,
842 3116 891 3175 τόν
910 3117 994 3175 πολέ-

189 3222 299 3274 μαρχον
316 3200 387 3274 ἔχειν
406 3201 486 3274 κέρας
504 3199 537 3257 τό
554 3199 652 3267 δεξιόν·
679 3201 833 3281 ἡγεομένου
850 3203 879 3260 δὲ
895 3206 995 3264 τούτου
1076 3247 1081 3255 -

185 3283 346 3352 ’ἐξεδέκοντο
366 3285 400 3348 ὥς
417 3286 584 3364 ἀριθμέοντο
602 3292 631 3347 αἱ
651 3291 740 3364 φυλαὶ
757 3291 887 3369 ἐχόμεναι
905 3291 994 3369 άλλη-
