2258 3568
544 9 588 106 δι’.

167 125 199 173 ιι
472 123 658 175 Ἦνοιουοτ
921 123 965 189 [ν.

166 202 296 266 λεύοντος
309 203 471 279 Ἀθηναίων,
482 203 572 282 ἀρθιῦς
585 201 620 264 ἂν
634 201 785 282 καλέοιτο)
799 202 925 280 δεύτερον
939 204 968 266 δέ

168 291 214 348 καὶ
227 291 329 366 τρίτον,
344 289 391 350 ὅτε
405 291 451 351 ἐπὶ
465 292 722 370 Πεισιστρατιδέων
737 291 869 361 ἐξέλασιν
882 291 967 369 ὁρμή

165 377 258 442 θέντες
274 383 304 437 ἐκ
319 379 450 456 Σπάρτης
468 379 611 440 ἀπίκοντο·
632 369 764 457 τέταρτον
784 380 814 438 δὲ
829 378 902 450 τότε,
921 378 967 440 ὅτι

164 470 192 528 ἐς
204 464 354 526 Ἐλευσῖνα
369 468 532 544 Κλεομένης
552 465 628 548 ἄγων
642 468 891 540 Πελοποννησίους
906 469 966 528 ἐσέ-

161 555 248 629 βαλε.
290 554 360 616 οῦτω
383 557 516 633 τέταρτον
542 555 606 615 τότε
628 556 745 633 Δωριέες
770 555 915 632 ἐσέβαλον
939 561 966 618 ἐς

163 639 292 717 Ἀθήνας.

115 730 152 789 77
206 732 395 794 Διαλυθέντος
416 730 454 791 ὧν
474 734 525 791 τοῦ
547 729 655 790 στόλου
673 729 773 790 τούτου
793 728 907 800 ἀκλεῶς,
925 737 963 790 ἐν·

162 818 251 878 θαῦτα
264 818 409 895 Ἀθηναῖοι
421 820 568 880 τίννυσθαι
581 817 762 896 βουλόμενοι,
774 824 870 896 πρῶτα
880 844 964 895 στρα-

160 906 241 982 τηίην
259 911 402 966 ποιεῦνται
424 908 470 966 ἐπὶ
492 906 661 969 Χαλκιδέας·
689 907 806 966 Βοιωτοὶ
833 906 862 965 δὲ
887 909 964 967 τοῖσι

161 994 336 1054 Χαλκιδεῦσι
348 996 506 1071 βοηθέουσι
520 995 565 1053 ἐπὶ
578 993 628 1054 τάν
640 994 773 1072 Εὔριπον·
787 993 965 1071 Ἀθηναίοισι

161 1081 190 1140 δέ
209 1086 217 1106 ’
234 1086 299 1142 οῦσι
315 1083 380 1147 τοῦς
398 1083 524 1159 βοηθούς
542 1081 618 1152 ἔδοξε
634 1081 771 1159 πρότερον
786 1087 864 1142 τοῖσι
878 1089 962 1141 Βοιω-

159 1175 237 1230 τοῖσι
250 1169 268 1247 ή
281 1176 358 1232 τοῖσι
372 1171 546 1231 Χαλκιδεῦσι
560 1171 732 1248 ἐπιχειρέειν·
743 1171 966 1247 ’συμβάλλουσί

162 1284 194 1317 τε
212 1258 246 1334 δή
265 1263 342 1319 τοῖσι
355 1263 505 1319 Βοιωτοῖσι
526 1261 552 1318 οἱ
568 1258 719 1334 Ἀθηναῖοι,
734 1258 780 1318 καὶ
800 1263 900 1338 πολλῷ
921 1264 962 1318 ἐκ-

158 1347 296 1422 ράτησαν·
318 1347 406 1425 κάρτα
428 1347 458 1406 δὲ
479 1346 607 1410 πολλούς
626 1347 823 1422 φονεύσαντες,
846 1351 961 1406 έπτακο·

160 1435 239 1498 σίους
252 1434 342 1494 αύτιῦν
364 1434 534 1516 ἐζώγρησαν.
575 1438 625 1510 τῆς
639 1435 669 1494 δὲ
683 1435 768 1510 αύτῆς
781 1434 882 1511 ταύτης
895 1435 961 1512 ήμέ-

157 1547 208 1599 ρης
230 1525 257 1580 οἶ
277 1521 421 1598 Ἀθηναῖοι
438 1523 587 1598 διαβάντες
610 1528 637 1586 ἐς
656 1523 708 1598 τήν
730 1522 866 1598 Εὔβοιαν,
889 1549 960 1601 συμ-

157 1609 306 1686 βάλλουσι
327 1611 372 1669 καὶ
391 1615 468 1670 τοῖσι
481 1611 665 1670 Χαλκιδεῦσι·
687 1613 849 1688 νικήσαντες
866 1612 895 1674 δὲ
915 1613 961 1670 καὶ

160 1696 280 1768 τούτους,
293 1700 536 1778 τετρακισχιλίους
550 1699 723 1778 κληρούχους
736 1700 782 1758 ἐπὶ
802 1704 857 1759 τιῦν
879 1703 959 1758 ἶππο·

160 1786 268 1860 βοτέων
284 1791 320 1866 τῇ
339 1786 416 1866 χάρη
435 1789 576 1847 λείπουσι·
599 1790 625 1846 οἶ
640 1787 670 1846 δέ
689 1787 845 1864 ἱπποβόται
865 1789 959 1846 ἐκαλέ-

159 1899 223 1934 οντο
240 1877 267 1934 οἱ
279 1877 382 1955 παχέες
395 1880 450 1935 τῶν
463 1876 634 1935 Χαλκιδέων·
656 1875 741 1938 ὅσους
754 1877 783 1935 δὲ
797 1876 843 1934 καὶ
855 1875 959 1936 τούτων

158 1960 328 2044 ἐζιίνγρησαν,
343 1963 401 2041 ἅμα
414 1967 490 2024 τοῖσι
505 1968 633 2023 Βοιωτιῦν
647 1965 861 2044 ἐζωγρημένοισι
882 1963 959 2043 εἶχον

158 2055 188 2110 ἐν
210 2056 335 2131 φυλακῇ,
356 2056 384 2112 ἐν
405 2053 501 2114 πέδαις
523 2051 668 2128 δήσαντες·
689 2052 780 2132 χρόνῳ
801 2053 831 2112 δὲ
853 2052 956 2112 ἔλυσάν

131 2187 133 2191 .
156 2146 248 2214 σφεας
261 2140 375 2216 διμνέως
385 2139 639 2216 ἀποτιμησάμενοι·
654 2139 703 2203 τάς
717 2140 746 2199 δέ
759 2141 845 2204 πέδας
858 2139 956 2211 αύτιῦν,

157 2231 187 2286 ἐν
204 2231 272 2305 τῇσι
298 2227 432 2297 ἐδεδέατο,
455 2226 650 2305 ἀνεκρέμασαν
671 2232 698 2291 ἐς
718 2228 770 2304 τήν
792 2227 956 2306 ἀκρόπολιν·

155 2314 236 2391 αἵπερ
260 2315 299 2373 ἐτι
322 2315 368 2373 καὶ
387 2320 414 2378 ἐς
435 2317 483 2392 ἐμὲ
503 2314 577 2391 ἦσαν
598 2319 767 2392 περιεοῦσαι,
788 2315 956 2394 κρεμάμεναι

154 2407 184 2461 ἐκ
204 2403 317 2480 τειχέων
331 2404 617 2480 περιπεφλευσμένων
631 2404 698 2481 πυρὶ
711 2403 766 2465 ῦπά
780 2407 830 2464 τοῦ
844 2403 954 2480 Μήδου·

153 2489 247 2550 ἀντίον
264 2491 294 2549 δέ
309 2495 359 2551 τοῦ
376 2491 500 2574 μεγάρου
517 2497 567 2552 τοῦ
586 2492 656 2570 πράς
669 2494 791 2569 ἑσπέρην
803 2493 955 2570 τετραμμέ-

155 2605 204 2638 νου
223 2579 269 2638 καὶ
281 2583 336 2639 τιῦν
349 2579 459 2658 λύτρων
471 2579 523 2656 τήν
539 2580 656 2656 δεκάτην
677 2579 822 2657 ἀνέθηκαν,
836 2581 953 2656 ποιησά-

151 2693 230 2744 μενοι
250 2667 404 2745 τέθριππον
424 2668 558 2747 χάλκεον·
584 2668 617 2728 τῦ
640 2669 669 2728 δὲ
697 2667 846 2746 ἀριστερῆς
872 2669 955 2747 χερός

154 2756 254 2832 ἕστηκε
276 2761 387 2834 πρῶτον
409 2755 514 2817 ἐσιόντι
535 2761 563 2820 ἐς
583 2757 619 2816 τά
638 2755 800 2834 προπύλαια
818 2757 854 2816 τοὶ
872 2763 901 2816 ἐν
918 2781 953 2833 τη

153 2843 300 2922 ἀκροπόλι,
322 2845 524 2926 ἐπιγέγραπται
545 2845 577 2905 δέ
596 2848 623 2904 οἶ
643 2845 719 2904 τάδε·

226 2977 315 3024 Ἔθνεα
332 2978 443 3025 Βοιωτῶν
460 2979 500 3024 καὶ
517 2977 658 3025 Χαλκιδέων
674 2978 824 3036 δαμάσαντες

263 3051 347 3098 παῖδες
358 3048 490 3107 Ἀθηναίων
507 3050 624 3110 ἔργμασιν
641 3051 665 3096 ἐν
682 3051 796 3109 πολέμου,

229 3122 311 3196 δεσμῷ
322 3122 347 3168 ἐν
365 3121 493 3180 ἀχλυόεντι
511 3121 612 3180 σιδηρέῳ
629 3119 735 3182 ἔσβεσαν
752 3121 827 3184 ὕβριν

263 3195 312 3240 τῶν
329 3195 416 3240 ἵππους
432 3192 534 3250 δεκάτην
550 3193 663 3240 Παλλάδι
680 3192 749 3240 τάσδ’
766 3195 858 3242 ἔθεσαν·

101 3302 290 3379 78Ἀθηναῖοι
312 3302 364 3378 μέν
388 3326 436 3360 νυν
459 3297 584 3378 ιβξηντο.
626 3301 710 3378 δηλοῖ
730 3302 760 3361 δὲ
785 3303 822 3375 ού4
840 3304 900 3369 κατ’
921 3305 944 3364 ἐι
