2250 3552
153 137 199 183 ³14
456 133 639 181 ἸΙΡΟΔΟΤΟΤ
889 127 951 193 [IX.

151 245 239 298 ρεσον
252 219 341 279 αύτῶν
355 219 522 287 ἑξακοσίους,
541 218 606 281 τούς
620 218 649 277 δέ
662 217 779 280 λοιπούς
795 215 954 294 κατήραέαν

104 311 142 372 70
152 308 294 371 διώκοντες
307 313 334 370 ἐς
346 306 396 367 τᾶν
406 308 578 382 Κιθαιρῶνα.
614 304 701 365 Οὗτοι
711 308 762 381 μὲν
772 303 807 380 δῆ
821 308 851 364 ἐν
865 306 954 365 οὐδενὶ

152 397 228 477 λόγῳ
244 395 401 456 άποίλοντο·
423 399 449 454 οἶ
468 396 497 454 δέ
515 395 627 473 Πέρσαι
645 395 690 452 καὶ
709 393 723 451 ό
742 392 832 456 ἄλλος
845 391 952 469 ὅμιλος,

152 484 187 546 οἷς
197 485 355 565 κατέφυγον
368 489 395 546 ἐς
407 483 441 543 τό
456 482 567 553 ξύλινον
574 487 675 562 τεῖχος,
690 482 819 557 ἔφθησαν
834 481 881 540 ἐπὶ
890 481 956 546 τούς

152 573 274 654 πύργους
288 571 442 649 ἀναβάντες
455 572 521 649 πρὶν
533 569 552 648 ἢ
564 571 630 635 τούς
643 570 877 646 Λακεδαιμονίους
893 570 955 630 άπι-

153 661 262 721 κέσθαι·
284 660 439 738 ἀναβάντες
453 660 481 719 δέ
495 659 652 736 ἐφράξαντο
664 658 698 721 ὦς
708 657 841 734 ἠδυνέατο
852 657 957 735 ἄριστα

152 749 186 809 τό
209 754 311 830 τεῖχος·
341 749 556 826 προσελθόντων
583 749 612 806 δὲ
639 752 694 807 τῶν
721 747 955 822 Λακεδαιμονίων,

154 839 323 914 κατεστήκεέ
335 845 391 914 σφι
404 838 571 916 τειχομαχίη
589 836 821 914 ἐρρωμενεστέρη·
844 835 893 898 ἕως
905 839 957 913 μὲν

155 927 211 1007 γάρ
233 926 348 1003 α’πῆσαν
362 930 388 986 οἱ
401 925 552 1000 Ἀθηναῖοι,
568 927 595 984 οἱ
608 924 631 982 δ’
645 923 782 1001 η’μύνοντο
797 924 843 981 καὶ
856 928 957 1002 πολλῷ

154 1016 243 1075 πλέον
259 1015 335 1094 εἶχον
353 1019 407 1074 τῶν
431 1013 662 1090 Λακεδαιμονίων,
677 1011 750 1071 ὥστε
775 1010 824 1070 ούκ
842 1017 957 1071 ἐπιστα-

153 1105 242 1179 μένων
259 1104 460 1182 τειχομαχέειν·
483 1101 518 1164 ὥς
539 1101 570 1160 δέ
589 1108 644 1176 σφι
661 1103 687 1158 οἱ
702 1098 847 1176 Ἀθηναῖοι
867 1127 957 1177 προσ·

154 1192 252 1266 ῆλθον,
268 1191 338 1250 οὕτω
355 1190 389 1267 δή
407 1189 508 1270 ίσγριρῆ
526 1190 631 1270 ἐγίνετο
649 1189 817 1268 τειχομαχίη
832 1191 878 1247 καὶ
890 1188 956 1267 χρό-

156 1305 205 1338 νον
226 1280 271 1338 ἐπὶ
298 1279 417 1338 πολλάν·
452 1280 535 1341 τέλος
555 1277 593 1346 δὲ,
617 1276 701 1356 ιῖρετῇ
722 1303 753 1336 τε
775 1279 822 1336 καὶ
839 1279 958 1356 λιπαρίῃ

104 1364 107 1370 ’
156 1369 303 1443 ἐπέβησαν
319 1366 462 1442 Ἀθηναῖοι
479 1369 530 1425 τοῦ
547 1364 661 1444 τείχεος,
677 1365 723 1423 καὶ
738 1363 849 1442 ἤριπον·
870 1369 907 1444 τῇ
923 1366 958 1442 δή

157 1454 303 1533 ἐσεχέοντο
315 1459 340 1514 οἱ
349 1453 497 1530 Ἕλληνες.
528 1457 631 1530 πρῶτοι
645 1453 674 1512 δέ
685 1454 809 1529 ἐσῆλθον
823 1458 958 1534 Τεγεῆται

157 1548 185 1605 ἐς
199 1543 231 1601 τό
250 1545 351 1621 τεῖχος·
375 1543 419 1600 καὶ
437 1542 489 1617 τῆν
506 1541 613 1619 σκηνῆν
628 1541 680 1617 τῆν
700 1542 860 1618 Μαρδονίου
881 1539 958 1602 οὗτοι

155 1629 232 1706 ἦσαν
247 1633 274 1690 οἱ
292 1630 503 1707 διαρπάσαντες,
517 1631 553 1690 τά
571 1657 602 1690 τε
616 1629 693 1689 ἄλλο
707 1631 738 1700 ἐξ
750 1629 835 1706 αὐτῆς
849 1631 894 1688 καὶ
906 1631 959 1706 τῆν

157 1720 266 1796 φάτνην
281 1723 336 1780 τῶν
352 1719 443 1778 ἵππων
459 1723 561 1778 ἐοῦσαν
578 1719 703 1797 χαλκέην
719 1723 816 1778 πᾶσαν
832 1720 878 1777 καὶ
895 1720 959 1796 θέης

158 1807 244 1884 άξίην.
287 1808 338 1884 τῆν
356 1808 408 1884 μέν
426 1833 474 1868 νυν
491 1806 600 1883 φάτνην
615 1807 719 1882 ταύτην
731 1807 784 1882 τήν
797 1807 959 1884 Μαρδονίου

158 1895 294 1957 α’νέθεσαν
304 1901 331 1960 ἐς
340 1896 389 1956 τόν
399 1894 466 1972 νηόν
478 1899 528 1971 τῆς
540 1894 643 1970 Ἀλέης
652 1895 801 1972 Ἀθηναίης
814 1899 958 1976 Τεγεῆται·

157 1985 193 2042 τά
206 1985 236 2043 δὲ
246 1983 323 2044 ἄλλα
334 1989 361 2047 ἐς
371 1983 467 2056 τώυτό,
479 1983 587 2061 ὅσαπερ
602 1985 716 2060 ἔλαβον,
729 1983 873 2059 ἐσήνεικαν
883 1987 959 2044 τοῖσι

108 2105 109 2110 =
155 2069 289 2149 Ἕλλησι,
326 2073 401 2132 οἶδὲ
421 2072 567 2149 βάρβαροι
590 2071 668 2130 οὐδὲν
687 2073 726 2131 ἐτι
743 2076 846 2147 στῖφος
868 2072 960 2148 ἐποιή-

158 2185 247 2220 σαντο
267 2161 403 2224 πεσόντος
423 2165 473 2219 τοῦ
493 2161 606 2239 τείχεος,
623 2159 686 2219 οὔτε
706 2185 749 2222 τις
769 2159 858 2219 αύτῶν
872 2159 961 2236 α’λκῆς

160 2249 308 2325 ἐμέμνητο·
330 2248 486 2318 ἀλύκταζόν
496 2275 526 2307 τε
541 2249 586 2307 οἶα
600 2253 629 2307 ἐν
638 2245 726 2329 όλίγιρ
739 2248 820 2326 χοίρῳ
830 2249 960 2324 πεφοβη-

158 2335 238 2411 μένοι
244 2361 276 2394 τε
284 2335 330 2393 καὶ
337 2336 445 2393 πολλαὶ
453 2336 584 2413 μυριάδες
595 2337 790 2412 κατειλημέναι
800 2334 961 2413 ἀνθρώπων·

158 2427 251 2500 παρῆν
266 2447 298 2482 τε
313 2426 390 2482 τοῖσι
401 2421 529 2499 Ἕλλησι
550 2423 677 2499 φονεύειν
698 2423 776 2493 οὕτω,
794 2422 867 2483 ὥστε
886 2424 961 2500 τριή-

160 2536 243 2570 κοντα
251 2509 391 2588 μυριάδων
401 2516 533 2588 στρατοῦ,
545 2511 752 2571 καταδεουσέων
761 2512 904 2588 τεσσέρων
913 2512 963 2574 τάς

160 2599 230 2678 ἔχων
252 2598 427 2676 Ἀρτάβαζος
454 2601 562 2680 ἔφευγε,
589 2603 645 2659 τῶν
667 2603 774 2659 λοιπῶν
796 2600 868 2677 μηδὲ
890 2603 964 2677 τρεῖς

159 2685 288 2764 χιλιάδας
314 2688 519 2768 περιγενέσθαι·
549 2687 773 2764 Λακεδαιμονίων
800 2688 830 2746 δὲ
855 2691 911 2748 τῶν
934 2693 964 2747 ἐκ

162 2775 292 2853 Σπάρτης
308 2774 446 2835 ἀπέθανον
466 2779 492 2834 οἱ
507 2774 609 2838 πάντες
623 2780 652 2835 ἐν
665 2780 700 2854 τῇ
715 2778 853 2855 συμβολῇ
867 2776 905 2839 εἶς
919 2776 965 2834 καὶ

161 2863 346 2940 ἐννενήκοντα,
361 2864 517 2944 Τεγεητέων
537 2863 567 2922 δέ
587 2864 738 2932 ἑκκαίδεκα,
760 2863 966 2940 Ἀθηναίων·δέ

162 2951 211 3011 δύο
225 2953 271 3010 καὶ
283 2950 464 3027 πεντήκοντα.

114 3040 159 3098 711
202 3039 373 3116 Ἠρίστευσε
386 3039 416 3098 δὲ
428 3042 484 3098 τῶν
501 3038 666 3116 βαρβάρων,
681 3040 764 3112 πεζός
783 3041 835 3117 μὲν
855 3039 871 3100 ό
892 3045 966 3117 Περ-

162 3126 241 3198 σέων,
253 3127 337 3188 ἵππος
347 3125 404 3201 δέῆ
417 3126 537 3190 Σακέων·
551 3125 621 3203 ἅνῆρ
632 3127 662 3185 δὲ
673 3129 786 3208 λέγεται
797 3128 967 3206 Μαρδόνιος·

162 3211 307 3288 Ἑλλήνων
326 3213 363 3282 δέ,
380 3212 493 3293 άγαθῶν
509 3214 664 3294 γενομένων
681 3217 726 3273 καὶ
745 3216 902 3295 Τεγεητέων
921 3217 967 3274 καὶ

163 3298 323 3373 Ἀθηναίων,
332 3300 542 3376 ὑπερεβάλοντο
553 3300 638 3378 άρετῆ
646 3303 872 3378 Λακεδαιμόνιοι·
886 3302 967 3392 άλλερ

873 3476 1089 3491 .-—.-——-—-
