<?xml version="1.0" encoding="UTF-8"?>
<!DOCTYPE html PUBLIC "-//W3C//DTD XHTML 1.0 Transitional//EN"
    "http://www.w3.org/TR/xhtml1/DTD/xhtml1-transitional.dtd">
<html xmlns="http://www.w3.org/1999/xhtml" xml:lang="en" lang="en">
 <head>
  <title>
</title>
<meta http-equiv="Content-Type" content="text/html;charset=utf-8" />
  <meta name='ocr-system' content='tesseract 3.04.00' />
  <meta name='ocr-capabilities' content='ocr_page ocr_carea ocr_par ocr_line ocrx_word'/>
</head>
<body>
  <div class='ocr_page' id='page_1' title='image "./herodotusrecens00blakgoog_0010.png"; bbox 0 0 2258 3568; ppageno 0'>
   <div class='ocr_carea' id='block_1_1' title="bbox 119 131 1032 3397">
    <p class='ocr_par' dir='ltr' id='par_1_1' title="bbox 119 131 1032 3397">
     <span class='ocr_line' id='line_1_1' title="bbox 158 131 957 211; baseline 0.003 -16"><span class='ocrx_word' id='word_1_1' title='bbox 158 151 178 195; x_wconf 78' lang='grc' dir='ltr'>α</span> <span class='ocrx_word' id='word_1_2' title='bbox 459 148 645 196; x_wconf 73' lang='grc' dir='ltr'>Ἧνοιονον</span> <span class='ocrx_word' id='word_1_3' title='bbox 899 131 957 211; x_wconf 85' lang='grc' dir='ltr'>’[ν.</span> 
     </span>
     <span class='ocr_line' id='line_1_2' title="bbox 123 223 958 306; baseline 0.008 -25"><span class='ocrx_word' id='word_1_4' title='bbox 123 226 141 282; x_wconf 87' lang='lat'><strong>3</strong></span> <span class='ocrx_word' id='word_1_5' title='bbox 196 225 322 298; x_wconf 82' lang='grc' dir='ltr'>Θρηίκων</span> <span class='ocrx_word' id='word_1_6' title='bbox 336 225 366 283; x_wconf 84' lang='grc' dir='ltr'>δέ</span> <span class='ocrx_word' id='word_1_7' title='bbox 383 223 459 287; x_wconf 82' lang='grc' dir='ltr'>ἔθνος</span> <span class='ocrx_word' id='word_1_8' title='bbox 477 224 614 306; x_wconf 91' lang='grc' dir='ltr'>μέγιστόν</span> <span class='ocrx_word' id='word_1_9' title='bbox 630 229 699 294; x_wconf 87' lang='grc' dir='ltr'>ἐστι,</span> <span class='ocrx_word' id='word_1_10' title='bbox 714 223 785 302; x_wconf 87' lang='grc' dir='ltr'>μετά</span> <span class='ocrx_word' id='word_1_11' title='bbox 801 250 835 305; x_wconf 90' lang='grc' dir='ltr'>γε</span> <span class='ocrx_word' id='word_1_12' title='bbox 847 223 958 295; x_wconf 83' lang='grc' dir='ltr'>Ἰνδοῦς,</span> 
     </span>
     <span class='ocr_line' id='line_1_3' title="bbox 156 309 959 392; baseline 0.002 -22"><span class='ocrx_word' id='word_1_13' title='bbox 156 309 266 371; x_wconf 86' lang='grc' dir='ltr'>πάντων</span> <span class='ocrx_word' id='word_1_14' title='bbox 280 309 440 389; x_wconf 78' lang='grc' dir='ltr'>α’νθρῶπων·</span> <span class='ocrx_word' id='word_1_15' title='bbox 463 317 486 372; x_wconf 85' lang='grc' dir='ltr'>εἰ</span> <span class='ocrx_word' id='word_1_16' title='bbox 503 313 532 372; x_wconf 82' lang='grc' dir='ltr'>δὲ</span> <span class='ocrx_word' id='word_1_17' title='bbox 545 312 591 372; x_wconf 70' lang='grc' dir='ltr'>ὕπ’</span> <span class='ocrx_word' id='word_1_18' title='bbox 606 311 666 376; x_wconf 84' lang='grc' dir='ltr'>ἐνδς</span> <span class='ocrx_word' id='word_1_19' title='bbox 683 311 798 392; x_wconf 84' lang='grc' dir='ltr'>άρχοιτο</span> <span class='ocrx_word' id='word_1_20' title='bbox 812 311 830 389; x_wconf 83' lang='grc' dir='ltr'>ἢ</span> <span class='ocrx_word' id='word_1_21' title='bbox 845 315 959 390; x_wconf 79' lang='grc' dir='ltr'>φρονέοι</span> 
     </span>
     <span class='ocr_line' id='line_1_4' title="bbox 157 398 959 480; baseline 0.006 -23"><span class='ocrx_word' id='word_1_22' title='bbox 157 398 227 458; x_wconf 80' lang='grc' dir='ltr'>κατεῖ</span> <span class='ocrx_word' id='word_1_23' title='bbox 244 399 342 470; x_wconf 75' lang='grc' dir='ltr'>τωύτό,</span> <span class='ocrx_word' id='word_1_24' title='bbox 357 399 467 480; x_wconf 77' lang='grc' dir='ltr'>ἄμαχόν</span> <span class='ocrx_word' id='word_1_25' title='bbox 484 401 507 461; x_wconf 85' lang='grc' dir='ltr'>τ’</span> <span class='ocrx_word' id='word_1_26' title='bbox 521 399 555 462; x_wconf 77' lang='grc' dir='ltr'>ἂν</span> <span class='ocrx_word' id='word_1_27' title='bbox 572 403 614 478; x_wconf 84' lang='grc' dir='ltr'>ε’ίη</span> <span class='ocrx_word' id='word_1_28' title='bbox 631 402 677 460; x_wconf 90' lang='grc' dir='ltr'>καὶ</span> <span class='ocrx_word' id='word_1_29' title='bbox 695 405 795 480; x_wconf 76' lang='grc' dir='ltr'>πολλῶ</span> <span class='ocrx_word' id='word_1_30' title='bbox 809 401 959 478; x_wconf 88' lang='grc' dir='ltr'>κράτιστον</span> 
     </span>
     <span class='ocr_line' id='line_1_5' title="bbox 156 487 959 572; baseline 0.005 -26"><span class='ocrx_word' id='word_1_31' title='bbox 156 487 267 548; x_wconf 85' lang='grc' dir='ltr'>πάντων</span> <span class='ocrx_word' id='word_1_32' title='bbox 288 489 394 559; x_wconf 78' lang='grc' dir='ltr'>ἐθνέων,</span> <span class='ocrx_word' id='word_1_33' title='bbox 414 490 483 550; x_wconf 78' lang='grc' dir='ltr'>κατά</span> <span class='ocrx_word' id='word_1_34' title='bbox 501 489 614 572; x_wconf 82' lang='grc' dir='ltr'>γνῶμην</span> <span class='ocrx_word' id='word_1_35' title='bbox 633 489 686 565; x_wconf 72' lang='grc' dir='ltr'>τήν</span> <span class='ocrx_word' id='word_1_36' title='bbox 706 488 784 566; x_wconf 81' lang='grc' dir='ltr'>ἐμήν·</span> <span class='ocrx_word' id='word_1_37' title='bbox 807 489 883 549; x_wconf 79' lang='grc' dir='ltr'>άλλά</span> <span class='ocrx_word' id='word_1_38' title='bbox 904 491 959 572; x_wconf 80' lang='grc' dir='ltr'>γάρ</span> 
     </span>
     <span class='ocr_line' id='line_1_6' title="bbox 156 577 957 659; baseline 0.002 -23"><span class='ocrx_word' id='word_1_39' title='bbox 156 581 238 636; x_wconf 93' lang='grc' dir='ltr'>τοῦτο</span> <span class='ocrx_word' id='word_1_40' title='bbox 255 577 361 656; x_wconf 84' lang='grc' dir='ltr'>άπορόν</span> <span class='ocrx_word' id='word_1_41' title='bbox 376 584 432 654; x_wconf 90' lang='grc' dir='ltr'>σφι</span> <span class='ocrx_word' id='word_1_42' title='bbox 449 580 494 637; x_wconf 82' lang='grc' dir='ltr'>καὶ</span> <span class='ocrx_word' id='word_1_43' title='bbox 511 578 658 658; x_wconf 76' lang='grc' dir='ltr'>ἀμήχανον</span> <span class='ocrx_word' id='word_1_44' title='bbox 670 577 711 655; x_wconf 82' lang='grc' dir='ltr'>μή</span> <span class='ocrx_word' id='word_1_45' title='bbox 725 604 788 637; x_wconf 86' lang='grc' dir='ltr'>κοτε</span> <span class='ocrx_word' id='word_1_46' title='bbox 805 579 957 659; x_wconf 85' lang='grc' dir='ltr'>ἐγγένηται,</span> 
     </span>
     <span class='ocr_line' id='line_1_7' title="bbox 157 665 958 744; baseline 0.002 -20"><span class='ocrx_word' id='word_1_47' title='bbox 157 665 212 725; x_wconf 81' lang='grc' dir='ltr'>εἶσὶ</span> <span class='ocrx_word' id='word_1_48' title='bbox 231 665 265 742; x_wconf 79' lang='grc' dir='ltr'>δῇ</span> <span class='ocrx_word' id='word_1_49' title='bbox 286 665 356 725; x_wconf 79' lang='grc' dir='ltr'>κατά</span> <span class='ocrx_word' id='word_1_50' title='bbox 373 671 457 726; x_wconf 89' lang='grc' dir='ltr'>τοῦτο</span> <span class='ocrx_word' id='word_1_51' title='bbox 476 666 612 730; x_wconf 74' lang='grc' dir='ltr'>ἀσθενέες.</span> <span class='ocrx_word' id='word_1_52' title='bbox 649 665 790 744; x_wconf 74' lang='grc' dir='ltr'>οὐνόματα</span> <span class='ocrx_word' id='word_1_53' title='bbox 812 667 841 726; x_wconf 88' lang='grc' dir='ltr'>δὲ</span> <span class='ocrx_word' id='word_1_54' title='bbox 861 669 958 727; x_wconf 78' lang='grc' dir='ltr'>πολλά</span> 
     </span>
     <span class='ocr_line' id='line_1_8' title="bbox 156 751 958 834; baseline 0.004 -23"><span class='ocrx_word' id='word_1_55' title='bbox 156 755 253 833; x_wconf 87' lang='grc' dir='ltr'>έχουσι</span> <span class='ocrx_word' id='word_1_56' title='bbox 270 754 341 814; x_wconf 79' lang='grc' dir='ltr'>κατά</span> <span class='ocrx_word' id='word_1_57' title='bbox 354 755 446 834; x_wconf 81' lang='grc' dir='ltr'>χώρας</span> <span class='ocrx_word' id='word_1_58' title='bbox 461 756 584 816; x_wconf 77' lang='grc' dir='ltr'>ἔκαστοι·</span> <span class='ocrx_word' id='word_1_59' title='bbox 606 754 719 832; x_wconf 85' lang='grc' dir='ltr'>νόμοισι</span> <span class='ocrx_word' id='word_1_60' title='bbox 736 755 765 813; x_wconf 82' lang='grc' dir='ltr'>δὲ</span> <span class='ocrx_word' id='word_1_61' title='bbox 780 751 857 814; x_wconf 80' lang='grc' dir='ltr'>οὗτοι</span> <span class='ocrx_word' id='word_1_62' title='bbox 870 782 958 833; x_wconf 91' lang='grc' dir='ltr'>παρα-</span> 
     </span>
     <span class='ocr_line' id='line_1_9' title="bbox 155 842 957 922; baseline 0.004 -21"><span class='ocrx_word' id='word_1_63' title='bbox 155 845 307 918; x_wconf 90' lang='grc' dir='ltr'>πλησίοισι</span> <span class='ocrx_word' id='word_1_64' title='bbox 318 843 418 906; x_wconf 88' lang='grc' dir='ltr'>πάντες</span> <span class='ocrx_word' id='word_1_65' title='bbox 428 845 562 922; x_wconf 89' lang='grc' dir='ltr'>χρέωνται</span> <span class='ocrx_word' id='word_1_66' title='bbox 573 842 644 903; x_wconf 77' lang='grc' dir='ltr'>κατά</span> <span class='ocrx_word' id='word_1_67' title='bbox 654 844 753 912; x_wconf 84' lang='grc' dir='ltr'>πάντα,</span> <span class='ocrx_word' id='word_1_68' title='bbox 766 843 843 919; x_wconf 82' lang='grc' dir='ltr'>πλῇν</span> <span class='ocrx_word' id='word_1_69' title='bbox 854 845 957 904; x_wconf 80' lang='grc' dir='ltr'>Γετέων</span> 
     </span>
     <span class='ocr_line' id='line_1_10' title="bbox 156 931 957 1009; baseline 0.006 -22"><span class='ocrx_word' id='word_1_70' title='bbox 156 931 202 989; x_wconf 86' lang='grc' dir='ltr'>καὶ</span> <span class='ocrx_word' id='word_1_71' title='bbox 215 936 351 1009; x_wconf 79' lang='grc' dir='ltr'>Τραυσῶν</span> <span class='ocrx_word' id='word_1_72' title='bbox 365 933 410 990; x_wconf 82' lang='grc' dir='ltr'>καὶ</span> <span class='ocrx_word' id='word_1_73' title='bbox 426 937 481 991; x_wconf 89' lang='grc' dir='ltr'>τῶν</span> <span class='ocrx_word' id='word_1_74' title='bbox 496 931 649 1009; x_wconf 76' lang='grc' dir='ltr'>κατύπερθε</span> <span class='ocrx_word' id='word_1_75' title='bbox 667 932 875 1009; x_wconf 82' lang='grc' dir='ltr'>Κρηστωναίων</span> <span class='ocrx_word' id='word_1_76' title='bbox 889 937 957 992; x_wconf 82' lang='grc' dir='ltr'>οἰκε-</span> 
     </span>
     <span class='ocr_line' id='line_1_11' title="bbox 122 1017 957 1096; baseline 0.005 -19"><span class='ocrx_word' id='word_1_77' title='bbox 122 1017 248 1080; x_wconf 85' lang='grc' dir='ltr'>4όντων.</span> <span class='ocrx_word' id='word_1_78' title='bbox 289 1019 399 1080; x_wconf 78' lang='grc' dir='ltr'>Τούτων</span> <span class='ocrx_word' id='word_1_79' title='bbox 420 1020 449 1079; x_wconf 86' lang='grc' dir='ltr'>δὲ</span> <span class='ocrx_word' id='word_1_80' title='bbox 469 1020 504 1080; x_wconf 81' lang='grc' dir='ltr'>τοὶ</span> <span class='ocrx_word' id='word_1_81' title='bbox 525 1023 577 1096; x_wconf 80' lang='grc' dir='ltr'>μὲν</span> <span class='ocrx_word' id='word_1_82' title='bbox 597 1021 681 1079; x_wconf 87' lang='grc' dir='ltr'>Γέται</span> <span class='ocrx_word' id='word_1_83' title='bbox 702 1023 728 1078; x_wconf 84' lang='grc' dir='ltr'>οἱ</span> <span class='ocrx_word' id='word_1_84' title='bbox 748 1019 957 1091; x_wconf 73' lang='grc' dir='ltr'>ἀθανατίζοντες</span> 
     </span>
     <span class='ocr_line' id='line_1_12' title="bbox 155 1106 957 1185; baseline 0.004 -20"><span class='ocrx_word' id='word_1_85' title='bbox 155 1113 275 1179; x_wconf 84' lang='grc' dir='ltr'>ποιεῦσι,</span> <span class='ocrx_word' id='word_1_86' title='bbox 288 1109 396 1184; x_wconf 82' lang='grc' dir='ltr'>εἴρηταί</span> <span class='ocrx_word' id='word_1_87' title='bbox 406 1134 464 1184; x_wconf 86' lang='grc' dir='ltr'>μοι.</span> <span class='ocrx_word' id='word_1_88' title='bbox 493 1109 617 1185; x_wconf 84' lang='grc' dir='ltr'>Τραυσοὶ</span> <span class='ocrx_word' id='word_1_89' title='bbox 629 1108 658 1166; x_wconf 84' lang='grc' dir='ltr'>δέ</span> <span class='ocrx_word' id='word_1_90' title='bbox 668 1109 703 1166; x_wconf 80' lang='grc' dir='ltr'>τά</span> <span class='ocrx_word' id='word_1_91' title='bbox 716 1110 768 1185; x_wconf 79' lang='grc' dir='ltr'>μέν</span> <span class='ocrx_word' id='word_1_92' title='bbox 779 1106 856 1166; x_wconf 82' lang='grc' dir='ltr'>ἅλλα</span> <span class='ocrx_word' id='word_1_93' title='bbox 866 1108 957 1168; x_wconf 88' lang='grc' dir='ltr'>πάντα</span> 
     </span>
     <span class='ocr_line' id='line_1_13' title="bbox 156 1191 956 1274; baseline 0.004 -21"><span class='ocrx_word' id='word_1_94' title='bbox 156 1196 226 1256; x_wconf 83' lang='grc' dir='ltr'>κατά</span> <span class='ocrx_word' id='word_1_95' title='bbox 241 1196 328 1256; x_wconf 82' lang='grc' dir='ltr'>ταῦτά</span> <span class='ocrx_word' id='word_1_96' title='bbox 344 1201 420 1256; x_wconf 83' lang='grc' dir='ltr'>τοῖσι</span> <span class='ocrx_word' id='word_1_97' title='bbox 440 1196 557 1256; x_wconf 78' lang='grc' dir='ltr'>ἄλλοισι</span> <span class='ocrx_word' id='word_1_98' title='bbox 576 1197 664 1274; x_wconf 81' lang='grc' dir='ltr'>Θρηξῖ</span> <span class='ocrx_word' id='word_1_99' title='bbox 684 1196 868 1265; x_wconf 91' lang='grc' dir='ltr'>ἐπιτελέουσι,</span> <span class='ocrx_word' id='word_1_100' title='bbox 886 1191 956 1256; x_wconf 81' lang='grc' dir='ltr'>κατά</span> 
     </span>
     <span class='ocr_line' id='line_1_14' title="bbox 155 1283 956 1365; baseline 0.002 -23"><span class='ocrx_word' id='word_1_101' title='bbox 155 1283 185 1342; x_wconf 83' lang='grc' dir='ltr'>δὲ</span> <span class='ocrx_word' id='word_1_102' title='bbox 211 1284 261 1344; x_wconf 79' lang='grc' dir='ltr'>τόν</span> <span class='ocrx_word' id='word_1_103' title='bbox 286 1284 433 1365; x_wconf 89' lang='grc' dir='ltr'>γινόμενόν</span> <span class='ocrx_word' id='word_1_104' title='bbox 460 1291 515 1359; x_wconf 92' lang='grc' dir='ltr'>σφι</span> <span class='ocrx_word' id='word_1_105' title='bbox 542 1285 588 1343; x_wconf 83' lang='grc' dir='ltr'>καὶ</span> <span class='ocrx_word' id='word_1_106' title='bbox 615 1285 818 1365; x_wconf 79' lang='grc' dir='ltr'>ἀπογινόμενον</span> <span class='ocrx_word' id='word_1_107' title='bbox 845 1289 956 1344; x_wconf 85' lang='grc' dir='ltr'>ποιεῦσι</span> 
     </span>
     <span class='ocr_line' id='line_1_15' title="bbox 154 1372 955 1454; baseline 0 -23"><span class='ocrx_word' id='word_1_108' title='bbox 154 1372 256 1431; x_wconf 79' lang='grc' dir='ltr'>τοιάδε·</span> <span class='ocrx_word' id='word_1_109' title='bbox 281 1373 330 1432; x_wconf 84' lang='grc' dir='ltr'>τόν</span> <span class='ocrx_word' id='word_1_110' title='bbox 350 1375 402 1450; x_wconf 78' lang='grc' dir='ltr'>μὲν</span> <span class='ocrx_word' id='word_1_111' title='bbox 422 1373 571 1454; x_wconf 89' lang='grc' dir='ltr'>γενόμενον</span> <span class='ocrx_word' id='word_1_112' title='bbox 593 1372 778 1450; x_wconf 84' lang='grc' dir='ltr'>περιῖζόμενοι</span> <span class='ocrx_word' id='word_1_113' title='bbox 800 1375 827 1431; x_wconf 85' lang='grc' dir='ltr'>οἱ</span> <span class='ocrx_word' id='word_1_114' title='bbox 847 1372 955 1449; x_wconf 77' lang='grc' dir='ltr'>προσή-</span> 
     </span>
     <span class='ocr_line' id='line_1_16' title="bbox 155 1460 955 1541; baseline 0.003 -23"><span class='ocrx_word' id='word_1_115' title='bbox 155 1486 246 1524; x_wconf 87' lang='grc' dir='ltr'>κοντες</span> <span class='ocrx_word' id='word_1_116' title='bbox 271 1460 468 1538; x_wconf 77' lang='grc' dir='ltr'>ὀλοφύρονται,</span> <span class='ocrx_word' id='word_1_117' title='bbox 494 1461 549 1521; x_wconf 87' lang='grc' dir='ltr'>ὅσα</span> <span class='ocrx_word' id='word_1_118' title='bbox 572 1487 621 1538; x_wconf 90' lang='grc' dir='ltr'>μιν</span> <span class='ocrx_word' id='word_1_119' title='bbox 645 1461 687 1519; x_wconf 91' lang='grc' dir='ltr'>δεῖ</span> <span class='ocrx_word' id='word_1_120' title='bbox 710 1461 772 1519; x_wconf 88' lang='grc' dir='ltr'>ἐπεί</span> <span class='ocrx_word' id='word_1_121' title='bbox 791 1485 822 1519; x_wconf 90' lang='grc' dir='ltr'>τε</span> <span class='ocrx_word' id='word_1_122' title='bbox 847 1461 955 1541; x_wconf 88' lang='grc' dir='ltr'>ἐγένετο</span> 
     </span>
     <span class='ocr_line' id='line_1_17' title="bbox 154 1547 955 1631; baseline 0.001 -24"><span class='ocrx_word' id='word_1_123' title='bbox 154 1547 318 1624; x_wconf 85' lang='grc' dir='ltr'>άναπλῆσαι</span> <span class='ocrx_word' id='word_1_124' title='bbox 336 1549 414 1620; x_wconf 78' lang='grc' dir='ltr'>κακά,</span> <span class='ocrx_word' id='word_1_125' title='bbox 431 1548 612 1631; x_wconf 69' lang='grc' dir='ltr'>ἀνηγεόμενοι</span> <span class='ocrx_word' id='word_1_126' title='bbox 632 1549 667 1608; x_wconf 86' lang='grc' dir='ltr'><strong>τοῖ</strong></span> <span class='ocrx_word' id='word_1_127' title='bbox 689 1547 848 1624; x_wconf 74' lang='grc' dir='ltr'>ἀνθρωπήϊα</span> <span class='ocrx_word' id='word_1_128' title='bbox 864 1548 955 1608; x_wconf 89' lang='grc' dir='ltr'>πάντα</span> 
     </span>
     <span class='ocr_line' id='line_1_18' title="bbox 153 1635 1032 1718; baseline 0.002 -24"><span class='ocrx_word' id='word_1_129' title='bbox 153 1637 254 1697; x_wconf 89' lang='grc' dir='ltr'>πάθεα·</span> <span class='ocrx_word' id='word_1_130' title='bbox 268 1637 317 1698; x_wconf 79' lang='grc' dir='ltr'>τόν</span> <span class='ocrx_word' id='word_1_131' title='bbox 328 1637 350 1697; x_wconf 84' lang='grc' dir='ltr'>δ’</span> <span class='ocrx_word' id='word_1_132' title='bbox 359 1636 565 1718; x_wconf 89' lang='grc' dir='ltr'>οἷπογενόμενον</span> <span class='ocrx_word' id='word_1_133' title='bbox 575 1637 719 1707; x_wconf 85' lang='grc' dir='ltr'>παίζοντές</span> <span class='ocrx_word' id='word_1_134' title='bbox 728 1662 758 1695; x_wconf 87' lang='grc' dir='ltr'>τε</span> <span class='ocrx_word' id='word_1_135' title='bbox 770 1637 815 1694; x_wconf 88' lang='grc' dir='ltr'>καὶ</span> <span class='ocrx_word' id='word_1_136' title='bbox 825 1635 955 1713; x_wconf 79' lang='grc' dir='ltr'>ἡδόμενοι</span> <span class='ocrx_word' id='word_1_137' title='bbox 1030 1713 1032 1718; x_wconf 28' lang='grc' dir='ltr'>Ι</span> 
     </span>
     <span class='ocr_line' id='line_1_19' title="bbox 153 1724 954 1805; baseline 0 -22"><span class='ocrx_word' id='word_1_138' title='bbox 153 1729 191 1805; x_wconf 90' lang='grc' dir='ltr'>γῇ</span> <span class='ocrx_word' id='word_1_139' title='bbox 210 1725 370 1802; x_wconf 78' lang='grc' dir='ltr'>κρύπτουσι,</span> <span class='ocrx_word' id='word_1_140' title='bbox 385 1726 561 1805; x_wconf 80' lang='grc' dir='ltr'>ἐπιλέγοντες</span> <span class='ocrx_word' id='word_1_141' title='bbox 577 1724 651 1785; x_wconf 85' lang='grc' dir='ltr'>ὅσων</span> <span class='ocrx_word' id='word_1_142' title='bbox 670 1729 759 1783; x_wconf 83' lang='grc' dir='ltr'>κακῶν</span> <span class='ocrx_word' id='word_1_143' title='bbox 777 1725 954 1805; x_wconf 81' lang='grc' dir='ltr'>ἐξαπαλλαχ·</span> 
     </span>
     <span class='ocr_line' id='line_1_20' title="bbox 119 1811 955 1892; baseline 0.002 -21"><span class='ocrx_word' id='word_1_144' title='bbox 119 1814 208 1877; x_wconf 84' lang='grc' dir='ltr'>5θεὶς</span> <span class='ocrx_word' id='word_1_145' title='bbox 233 1816 293 1873; x_wconf 90' lang='grc' dir='ltr'>ἐστι</span> <span class='ocrx_word' id='word_1_146' title='bbox 317 1819 346 1873; x_wconf 92' lang='grc' dir='ltr'>ἐν</span> <span class='ocrx_word' id='word_1_147' title='bbox 368 1813 448 1891; x_wconf 84' lang='grc' dir='ltr'>πάσῃ</span> <span class='ocrx_word' id='word_1_148' title='bbox 474 1813 642 1892; x_wconf 74' lang='grc' dir='ltr'>εὐδαιμονίη.</span> <span class='ocrx_word' id='word_1_149' title='bbox 684 1816 721 1872; x_wconf 87' lang='grc' dir='ltr'>Οἱ</span> <span class='ocrx_word' id='word_1_150' title='bbox 745 1812 774 1871; x_wconf 86' lang='grc' dir='ltr'>δέ</span> <span class='ocrx_word' id='word_1_151' title='bbox 801 1811 955 1890; x_wconf 80' lang='grc' dir='ltr'>κατύπερθε</span> 
     </span>
     <span class='ocr_line' id='line_1_21' title="bbox 154 1901 955 1982; baseline 0.004 -24"><span class='ocrx_word' id='word_1_152' title='bbox 154 1902 360 1978; x_wconf 82' lang='grc' dir='ltr'>Κρηστωναίων</span> <span class='ocrx_word' id='word_1_153' title='bbox 373 1906 485 1961; x_wconf 83' lang='grc' dir='ltr'>ποιεῦσι</span> <span class='ocrx_word' id='word_1_154' title='bbox 500 1901 601 1960; x_wconf 89' lang='grc' dir='ltr'>τοιάδε·</span> <span class='ocrx_word' id='word_1_155' title='bbox 623 1905 680 1980; x_wconf 80' lang='grc' dir='ltr'>ἔχει</span> <span class='ocrx_word' id='word_1_156' title='bbox 692 1905 824 1982; x_wconf 80' lang='grc' dir='ltr'>γυναῖκας</span> <span class='ocrx_word' id='word_1_157' title='bbox 838 1901 955 1966; x_wconf 79' lang='grc' dir='ltr'>ἕκαστος</span> 
     </span>
     <span class='ocr_line' id='line_1_22' title="bbox 153 1989 955 2070; baseline 0.002 -23"><span class='ocrx_word' id='word_1_158' title='bbox 153 1989 273 2052; x_wconf 89' lang='grc' dir='ltr'>πολλάς·</span> <span class='ocrx_word' id='word_1_159' title='bbox 293 1990 376 2049; x_wconf 79' lang='grc' dir='ltr'>ἐπεάν</span> <span class='ocrx_word' id='word_1_160' title='bbox 387 1989 423 2049; x_wconf 86' lang='grc' dir='ltr'>ὧν</span> <span class='ocrx_word' id='word_1_161' title='bbox 436 2017 478 2052; x_wconf 86' lang='grc' dir='ltr'>τις</span> <span class='ocrx_word' id='word_1_162' title='bbox 492 1989 581 2048; x_wconf 81' lang='grc' dir='ltr'>αὐτῶν</span> <span class='ocrx_word' id='word_1_163' title='bbox 592 1989 728 2067; x_wconf 86' lang='grc' dir='ltr'>άποθάνη,</span> <span class='ocrx_word' id='word_1_164' title='bbox 746 1990 836 2066; x_wconf 83' lang='grc' dir='ltr'>κρίσις</span> <span class='ocrx_word' id='word_1_165' title='bbox 849 1989 955 2070; x_wconf 88' lang='grc' dir='ltr'>γίνεται</span> 
     </span>
     <span class='ocr_line' id='line_1_23' title="bbox 152 2077 955 2159; baseline 0.001 -23"><span class='ocrx_word' id='word_1_166' title='bbox 152 2079 264 2159; x_wconf 85' lang='grc' dir='ltr'>μεγάλη</span> <span class='ocrx_word' id='word_1_167' title='bbox 285 2083 339 2137; x_wconf 86' lang='grc' dir='ltr'>τῶν</span> <span class='ocrx_word' id='word_1_168' title='bbox 360 2082 496 2159; x_wconf 87' lang='grc' dir='ltr'>γυναικῶν</span> <span class='ocrx_word' id='word_1_169' title='bbox 517 2077 563 2135; x_wconf 86' lang='grc' dir='ltr'>καὶ</span> <span class='ocrx_word' id='word_1_170' title='bbox 584 2078 676 2152; x_wconf 90' lang='grc' dir='ltr'>φίλων</span> <span class='ocrx_word' id='word_1_171' title='bbox 697 2078 819 2136; x_wconf 88' lang='grc' dir='ltr'>σπουδαὶ</span> <span class='ocrx_word' id='word_1_172' title='bbox 841 2079 955 2156; x_wconf 85' lang='grc' dir='ltr'>ἰσχυραὶ</span> 
     </span>
     <span class='ocr_line' id='line_1_24' title="bbox 153 2165 955 2243; baseline 0.001 -18"><span class='ocrx_word' id='word_1_173' title='bbox 153 2167 217 2243; x_wconf 84' lang='grc' dir='ltr'>περὶ</span> <span class='ocrx_word' id='word_1_174' title='bbox 234 2166 322 2236; x_wconf 89' lang='grc' dir='ltr'>τοῦδε,</span> <span class='ocrx_word' id='word_1_175' title='bbox 336 2165 398 2242; x_wconf 83' lang='grc' dir='ltr'>ἥτις</span> <span class='ocrx_word' id='word_1_176' title='bbox 416 2166 519 2226; x_wconf 74' lang='grc' dir='ltr'>αὐτέων</span> <span class='ocrx_word' id='word_1_177' title='bbox 538 2166 668 2241; x_wconf 79' lang='grc' dir='ltr'>ἐφιλέετο</span> <span class='ocrx_word' id='word_1_178' title='bbox 685 2165 813 2242; x_wconf 88' lang='grc' dir='ltr'>μάλιστα</span> <span class='ocrx_word' id='word_1_179' title='bbox 830 2165 884 2225; x_wconf 82' lang='grc' dir='ltr'>ῦπδ</span> <span class='ocrx_word' id='word_1_180' title='bbox 904 2171 955 2226; x_wconf 89' lang='grc' dir='ltr'>τοῦ</span> 
     </span>
     <span class='ocr_line' id='line_1_25' title="bbox 152 2252 955 2334; baseline 0 -21"><span class='ocrx_word' id='word_1_181' title='bbox 152 2254 259 2330; x_wconf 86' lang='grc' dir='ltr'>άνδράς·</span> <span class='ocrx_word' id='word_1_182' title='bbox 280 2253 299 2330; x_wconf 81' lang='grc' dir='ltr'>ἦ</span> <span class='ocrx_word' id='word_1_183' title='bbox 320 2253 343 2312; x_wconf 88' lang='grc' dir='ltr'>δ’</span> <span class='ocrx_word' id='word_1_184' title='bbox 364 2252 399 2314; x_wconf 83' lang='grc' dir='ltr'>εῖν</span> <span class='ocrx_word' id='word_1_185' title='bbox 419 2255 500 2333; x_wconf 80' lang='grc' dir='ltr'>κριθῇ</span> <span class='ocrx_word' id='word_1_186' title='bbox 522 2255 568 2312; x_wconf 86' lang='grc' dir='ltr'>καὶ</span> <span class='ocrx_word' id='word_1_187' title='bbox 591 2255 704 2332; x_wconf 79' lang='grc' dir='ltr'>τιμηθῇ,</span> <span class='ocrx_word' id='word_1_188' title='bbox 728 2255 955 2334; x_wconf 74' lang='grc' dir='ltr'>ἐγκωμιασθεῖσα</span> 
     </span>
     <span class='ocr_line' id='line_1_26' title="bbox 151 2341 955 2423; baseline 0.001 -23"><span class='ocrx_word' id='word_1_189' title='bbox 151 2341 207 2400; x_wconf 84' lang='grc' dir='ltr'>ῦπό</span> <span class='ocrx_word' id='word_1_190' title='bbox 222 2367 253 2400; x_wconf 88' lang='grc' dir='ltr'>τε</span> <span class='ocrx_word' id='word_1_191' title='bbox 269 2343 376 2419; x_wconf 89' lang='grc' dir='ltr'>α’νδρῶν</span> <span class='ocrx_word' id='word_1_192' title='bbox 391 2343 584 2423; x_wconf 86' lang='grc' dir='ltr'>καὶγυναικῶν</span> <span class='ocrx_word' id='word_1_193' title='bbox 599 2341 738 2417; x_wconf 84' lang='grc' dir='ltr'>σφάζεται</span> <span class='ocrx_word' id='word_1_194' title='bbox 753 2347 780 2404; x_wconf 90' lang='grc' dir='ltr'>ἐς</span> <span class='ocrx_word' id='word_1_195' title='bbox 795 2341 844 2402; x_wconf 80' lang='grc' dir='ltr'>τόν</span> <span class='ocrx_word' id='word_1_196' title='bbox 862 2343 955 2418; x_wconf 88' lang='grc' dir='ltr'>τάφον</span> 
     </span>
     <span class='ocr_line' id='line_1_27' title="bbox 152 2429 952 2510; baseline 0.003 -22"><span class='ocrx_word' id='word_1_197' title='bbox 152 2429 206 2490; x_wconf 83' lang='grc' dir='ltr'>ῦπδ</span> <span class='ocrx_word' id='word_1_198' title='bbox 222 2435 274 2489; x_wconf 89' lang='grc' dir='ltr'>τοῦ</span> <span class='ocrx_word' id='word_1_199' title='bbox 289 2429 462 2506; x_wconf 84' lang='grc' dir='ltr'>οἶκηῖοτάτου</span> <span class='ocrx_word' id='word_1_200' title='bbox 479 2434 587 2506; x_wconf 77' lang='grc' dir='ltr'>ἑωυτῆς,</span> <span class='ocrx_word' id='word_1_201' title='bbox 602 2431 770 2510; x_wconf 83' lang='grc' dir='ltr'>σφαχθεῖσα</span> <span class='ocrx_word' id='word_1_202' title='bbox 784 2431 813 2490; x_wconf 87' lang='grc' dir='ltr'>δέ</span> <span class='ocrx_word' id='word_1_203' title='bbox 830 2430 952 2490; x_wconf 89' lang='grc' dir='ltr'>συνθάπ-</span> 
     </span>
     <span class='ocr_line' id='line_1_28' title="bbox 151 2518 955 2599; baseline 0.004 -23"><span class='ocrx_word' id='word_1_204' title='bbox 151 2545 228 2577; x_wconf 89' lang='grc' dir='ltr'>τεται</span> <span class='ocrx_word' id='word_1_205' title='bbox 253 2524 291 2598; x_wconf 76' lang='grc' dir='ltr'>τῷ</span> <span class='ocrx_word' id='word_1_206' title='bbox 315 2518 402 2596; x_wconf 86' lang='grc' dir='ltr'>άνδρί·</span> <span class='ocrx_word' id='word_1_207' title='bbox 430 2523 459 2578; x_wconf 88' lang='grc' dir='ltr'>αἱ</span> <span class='ocrx_word' id='word_1_208' title='bbox 485 2519 514 2577; x_wconf 83' lang='grc' dir='ltr'>δὲ</span> <span class='ocrx_word' id='word_1_209' title='bbox 538 2518 626 2577; x_wconf 88' lang='grc' dir='ltr'>άλλαι</span> <span class='ocrx_word' id='word_1_210' title='bbox 650 2519 804 2596; x_wconf 74' lang='grc' dir='ltr'>συμφορὴν</span> <span class='ocrx_word' id='word_1_211' title='bbox 826 2518 955 2599; x_wconf 85' lang='grc' dir='ltr'>μεγάλην</span> 
     </span>
     <span class='ocr_line' id='line_1_29' title="bbox 151 2605 940 2689; baseline 0.003 -26"><span class='ocrx_word' id='word_1_212' title='bbox 151 2611 302 2666; x_wconf 89' lang='grc' dir='ltr'>ποιεῦνται·</span> <span class='ocrx_word' id='word_1_213' title='bbox 324 2605 427 2670; x_wconf 83' lang='grc' dir='ltr'>ὄνειδος</span> <span class='ocrx_word' id='word_1_214' title='bbox 439 2607 495 2689; x_wconf 90' lang='grc' dir='ltr'>γάρ</span> <span class='ocrx_word' id='word_1_215' title='bbox 510 2614 566 2683; x_wconf 94' lang='grc' dir='ltr'>σφι</span> <span class='ocrx_word' id='word_1_216' title='bbox 579 2612 663 2666; x_wconf 88' lang='grc' dir='ltr'>τοῦτο</span> <span class='ocrx_word' id='word_1_217' title='bbox 676 2608 812 2686; x_wconf 88' lang='grc' dir='ltr'>μέγιστον</span> <span class='ocrx_word' id='word_1_218' title='bbox 825 2607 940 2688; x_wconf 90' lang='grc' dir='ltr'>γίνεται.</span> 
     </span>
     <span class='ocr_line' id='line_1_30' title="bbox 119 2693 954 2772; baseline 0 -20"><span class='ocrx_word' id='word_1_219' title='bbox 119 2697 135 2752; x_wconf 89' lang='grc'><strong>6</strong></span> <span class='ocrx_word' id='word_1_220' title='bbox 191 2699 252 2754; x_wconf 85' lang='grc' dir='ltr'>Τῶν</span> <span class='ocrx_word' id='word_1_221' title='bbox 269 2696 298 2754; x_wconf 83' lang='grc' dir='ltr'>δὲ</span> <span class='ocrx_word' id='word_1_222' title='bbox 314 2694 348 2771; x_wconf 74' lang='grc' dir='ltr'>δή</span> <span class='ocrx_word' id='word_1_223' title='bbox 363 2693 458 2754; x_wconf 84' lang='grc' dir='ltr'>άλλων</span> <span class='ocrx_word' id='word_1_224' title='bbox 472 2696 597 2772; x_wconf 81' lang='grc' dir='ltr'>Θρηίκων</span> <span class='ocrx_word' id='word_1_225' title='bbox 611 2696 672 2754; x_wconf 87' lang='grc' dir='ltr'>ἐστὶ</span> <span class='ocrx_word' id='word_1_226' title='bbox 690 2693 736 2753; x_wconf 85' lang='grc' dir='ltr'>ὅδε</span> <span class='ocrx_word' id='word_1_227' title='bbox 752 2694 768 2754; x_wconf 83' lang='grc' dir='ltr'>ὁ</span> <span class='ocrx_word' id='word_1_228' title='bbox 785 2694 878 2771; x_wconf 87' lang='grc' dir='ltr'>νόμος·</span> <span class='ocrx_word' id='word_1_229' title='bbox 899 2721 954 2753; x_wconf 90' lang='grc' dir='ltr'>πω-</span> 
     </span>
     <span class='ocr_line' id='line_1_31' title="bbox 151 2782 954 2864; baseline 0 -23"><span class='ocrx_word' id='word_1_230' title='bbox 151 2786 234 2842; x_wconf 89' lang='grc' dir='ltr'>λεῦσι</span> <span class='ocrx_word' id='word_1_231' title='bbox 253 2783 289 2842; x_wconf 80' lang='grc' dir='ltr'>τά</span> <span class='ocrx_word' id='word_1_232' title='bbox 307 2784 389 2843; x_wconf 89' lang='grc' dir='ltr'>τέκνα</span> <span class='ocrx_word' id='word_1_233' title='bbox 409 2782 450 2842; x_wconf 84' lang='grc' dir='ltr'>ἐπ’</span> <span class='ocrx_word' id='word_1_234' title='bbox 469 2784 605 2864; x_wconf 79' lang='grc' dir='ltr'>ἐξαγωγῇ·</span> <span class='ocrx_word' id='word_1_235' title='bbox 626 2782 676 2844; x_wconf 84' lang='grc' dir='ltr'>τάς</span> <span class='ocrx_word' id='word_1_236' title='bbox 697 2783 726 2841; x_wconf 84' lang='grc' dir='ltr'>δέ</span> <span class='ocrx_word' id='word_1_237' title='bbox 746 2783 900 2859; x_wconf 83' lang='grc' dir='ltr'>παρθένους</span> <span class='ocrx_word' id='word_1_238' title='bbox 922 2782 954 2842; x_wconf 77' lang='grc' dir='ltr'>ου’</span> 
     </span>
     <span class='ocr_line' id='line_1_32' title="bbox 152 2869 954 2948; baseline 0.001 -18"><span class='ocrx_word' id='word_1_239' title='bbox 152 2871 338 2946; x_wconf 90' lang='grc' dir='ltr'>φυλάσσουσι</span> <span class='ocrx_word' id='word_1_240' title='bbox 353 2871 417 2930; x_wconf 74' lang='grc' dir='ltr'>ἀλλ’</span> <span class='ocrx_word' id='word_1_241' title='bbox 429 2875 496 2931; x_wconf 87' lang='grc' dir='ltr'>ἐῶσι</span> <span class='ocrx_word' id='word_1_242' title='bbox 508 2872 566 2930; x_wconf 80' lang='grc' dir='ltr'>οῖσι</span> <span class='ocrx_word' id='word_1_243' title='bbox 576 2870 656 2930; x_wconf 77' lang='grc' dir='ltr'>αὐταὶ</span> <span class='ocrx_word' id='word_1_244' title='bbox 670 2870 825 2947; x_wconf 78' lang='grc' dir='ltr'>βούλονται</span> <span class='ocrx_word' id='word_1_245' title='bbox 836 2869 954 2948; x_wconf 85' lang='grc' dir='ltr'>άνδράσι</span> 
     </span>
     <span class='ocr_line' id='line_1_33' title="bbox 150 2958 953 3042; baseline -0.001 -24"><span class='ocrx_word' id='word_1_246' title='bbox 150 2960 314 3042; x_wconf 86' lang='grc' dir='ltr'>μίσγεσθαι,</span> <span class='ocrx_word' id='word_1_247' title='bbox 336 2961 385 3022; x_wconf 86' lang='grc' dir='ltr'>τοὶς</span> <span class='ocrx_word' id='word_1_248' title='bbox 406 2961 436 3019; x_wconf 87' lang='grc' dir='ltr'>δέ</span> <span class='ocrx_word' id='word_1_249' title='bbox 456 2964 588 3041; x_wconf 88' lang='grc' dir='ltr'>γυναῖκας</span> <span class='ocrx_word' id='word_1_250' title='bbox 613 2963 733 3037; x_wconf 81' lang='grc' dir='ltr'>ἰσχυρῶς</span> <span class='ocrx_word' id='word_1_251' title='bbox 756 2958 953 3035; x_wconf 91' lang='grc' dir='ltr'>φυλάσσουσι·</span> 
     </span>
     <span class='ocr_line' id='line_1_34' title="bbox 151 3047 954 3131; baseline 0 -24"><span class='ocrx_word' id='word_1_252' title='bbox 151 3049 196 3108; x_wconf 82' lang='grc' dir='ltr'>καὶ</span> <span class='ocrx_word' id='word_1_253' title='bbox 208 3048 335 3110; x_wconf 78' lang='grc' dir='ltr'>ὠνέονται</span> <span class='ocrx_word' id='word_1_254' title='bbox 345 3050 394 3112; x_wconf 82' lang='grc' dir='ltr'>τάς</span> <span class='ocrx_word' id='word_1_255' title='bbox 403 3054 535 3131; x_wconf 88' lang='grc' dir='ltr'>γυναῖκας</span> <span class='ocrx_word' id='word_1_256' title='bbox 542 3049 619 3125; x_wconf 81' lang='grc' dir='ltr'>παρά</span> <span class='ocrx_word' id='word_1_257' title='bbox 629 3053 683 3108; x_wconf 89' lang='grc' dir='ltr'>τῶν</span> <span class='ocrx_word' id='word_1_258' title='bbox 691 3049 794 3129; x_wconf 90' lang='grc' dir='ltr'>γονέων</span> <span class='ocrx_word' id='word_1_259' title='bbox 801 3047 954 3126; x_wconf 90' lang='grc' dir='ltr'>χρημάτων</span> 
     </span>
     <span class='ocr_line' id='line_1_35' title="bbox 149 3136 953 3219; baseline -0.004 -21"><span class='ocrx_word' id='word_1_260' title='bbox 149 3138 289 3219; x_wconf 81' lang='grc' dir='ltr'>μεγάλων·</span> <span class='ocrx_word' id='word_1_261' title='bbox 311 3139 357 3197; x_wconf 80' lang='grc' dir='ltr'>καὶ</span> <span class='ocrx_word' id='word_1_262' title='bbox 375 3139 408 3199; x_wconf 81' lang='grc' dir='ltr'>τό</span> <span class='ocrx_word' id='word_1_263' title='bbox 429 3141 481 3216; x_wconf 82' lang='grc' dir='ltr'>μέν</span> <span class='ocrx_word' id='word_1_264' title='bbox 500 3138 629 3216; x_wconf 86' lang='grc' dir='ltr'>ἐστίχθαι</span> <span class='ocrx_word' id='word_1_265' title='bbox 650 3136 756 3216; x_wconf 77' lang='grc' dir='ltr'>εὐγενές</span> <span class='ocrx_word' id='word_1_266' title='bbox 775 3136 906 3213; x_wconf 91' lang='grc' dir='ltr'>κέκριται,</span> <span class='ocrx_word' id='word_1_267' title='bbox 920 3136 953 3196; x_wconf 78' lang='grc' dir='ltr'>τό</span> 
     </span>
     <span class='ocr_line' id='line_1_36' title="bbox 153 3223 954 3309; baseline -0.005 -23"><span class='ocrx_word' id='word_1_268' title='bbox 153 3225 176 3286; x_wconf 86' lang='grc' dir='ltr'>δ’</span> <span class='ocrx_word' id='word_1_269' title='bbox 190 3226 322 3288; x_wconf 81' lang='grc' dir='ltr'>ἄστικτον</span> <span class='ocrx_word' id='word_1_270' title='bbox 341 3227 461 3309; x_wconf 81' lang='grc' dir='ltr'>ἀγεννές·</span> <span class='ocrx_word' id='word_1_271' title='bbox 484 3225 571 3307; x_wconf 82' lang='grc' dir='ltr'>άργόν</span> <span class='ocrx_word' id='word_1_272' title='bbox 586 3225 656 3284; x_wconf 78' lang='grc' dir='ltr'>εἶναι</span> <span class='ocrx_word' id='word_1_273' title='bbox 675 3223 840 3294; x_wconf 90' lang='grc' dir='ltr'>κάλλιστον,</span> <span class='ocrx_word' id='word_1_274' title='bbox 854 3228 908 3304; x_wconf 82' lang='grc' dir='ltr'>γῆς</span> <span class='ocrx_word' id='word_1_275' title='bbox 924 3223 954 3283; x_wconf 85' lang='grc' dir='ltr'>δέ</span> 
     </span>
     <span class='ocr_line' id='line_1_37' title="bbox 151 3313 952 3397; baseline -0.006 -22"><span class='ocrx_word' id='word_1_276' title='bbox 151 3314 277 3397; x_wconf 87' lang='grc' dir='ltr'>ἐργάτην,</span> <span class='ocrx_word' id='word_1_277' title='bbox 291 3314 469 3394; x_wconf 75' lang='grc' dir='ltr'>ἀτιμότατον·</span> <span class='ocrx_word' id='word_1_278' title='bbox 488 3314 521 3374; x_wconf 79' lang='grc' dir='ltr'>τό</span> <span class='ocrx_word' id='word_1_279' title='bbox 536 3315 585 3392; x_wconf 82' lang='grc' dir='ltr'>ζῇν</span> <span class='ocrx_word' id='word_1_280' title='bbox 599 3313 655 3372; x_wconf 80' lang='grc' dir='ltr'>α’πδ</span> <span class='ocrx_word' id='word_1_281' title='bbox 670 3315 797 3388; x_wconf 89' lang='grc' dir='ltr'>πολέμου</span> <span class='ocrx_word' id='word_1_282' title='bbox 812 3313 857 3372; x_wconf 87' lang='grc' dir='ltr'>καὶ</span> <span class='ocrx_word' id='word_1_283' title='bbox 871 3316 952 3387; x_wconf 81' lang='grc' dir='ltr'>ληϊσ-</span> 
     </span>
    </p>
   </div>
   <div class='ocr_carea' id='block_1_2' title="bbox 0 0 1134 3568">
    <p class='ocr_par' dir='ltr' id='par_1_2' title="bbox 0 0 1134 3568">
     <span class='ocr_line' id='line_1_38' title="bbox 0 0 1134 3568; baseline 0 2"><span class='ocrx_word' id='word_1_284' title='bbox 0 0 1134 3568; x_wconf 95' lang='lat' dir='ltr'> </span> 
     </span>
    </p>
   </div>
  </div>
 </body>
</html>
