2282 3550
46 156 94 206 272
351 153 534 204 ‘HPOAOOEOT
750 153 844 218 [VIII.

49 234 207 309 θαλάσσης·
222 234 310 293 α’ίτιον
321 234 350 292 δὲ
360 237 444 293 τοῦτο
457 235 594 314 λέγοντες,
608 233 637 292 εὖ
650 235 744 314 λέγειν
754 236 849 316 ἔμοιγε

49 323 186 382 δοκέουσι.
217 321 282 384 τούς
292 322 322 382 δὲ
331 323 558 403 περιγενομένους
571 321 663 403 ἀπήγε
672 321 849 399 Ἀρτάβαζος

48 415 75 474 ἐς
88 411 252 485 Θεσσαλίην
269 413 345 488 παρά
364 409 533 488 Μαρδόνιον.
575 408 652 470 οὗτοι
667 413 719 487 μὲν
736 415 763 470 οἶ
781 439 849 488 προ·

48 499 208 576 πέμψαντες
220 499 347 574 βασιλέα
361 497 432 558 οὕτω
446 499 576 576 ἔπρηξαν.

2 589 59 646 130
108 585 142 645 ‘O
156 586 186 646 δὲ
198 587 325 650 ναυτικάς
336 587 469 664 ὁΞέρξεω
482 586 701 668 περιγενόμενος,
713 587 749 650 οἷς
761 613 850 664 προσ·

49 675 125 752 έμιξε
141 679 177 756 τῇ
194 675 278 754 Ἀσίη
297 675 408 756 φεύγων
426 680 456 734 ἐκ
473 676 640 753 Σαλαμῖνος,
660 677 706 734 καὶ
723 677 850 751 βασιλέα

47 789 78 822 τε
92 764 137 822 κοί
150 763 202 840 τήν
215 763 351 841 στρατιήν
365 768 394 822 ἐκ
409 763 594 842 Χερσονήσου
607 763 810 840 διεπόρθμευσε
824 769 851 826 ἐς

43 849 178 928 Ἀβυδον,
189 853 339 931 ἐχειμέριζε
354 857 382 912 ἐν
394 851 488 931 Κύμη·
503 853 582 929 ἔαρος
591 851 620 910 δὲ
631 851 850 930 ἐπιλάμψαντος,

48 940 151 1017 πριύῖος
171 942 337 1021 συνελέγετο
359 945 386 1003 ἐς
407 939 513 1017 Σάμον·
539 944 568 1000 αἱ
588 941 618 999 δὲ
637 943 692 999 τῶν
712 943 784 1016 νηῶν
804 941 851 999 καὶ

49 1030 226 1107 ἐχειμέρισαν
257 1028 350 1088 αὐτοῦ·
393 1031 528 1105 Περσέων
555 1029 584 1087 δὲ
615 1029 661 1086 καὶ
693 1027 798 1103 Μήδων
824 1033 851 1088 οἱ

49 1121 166 1180 πλεῦνες
193 1116 372 1193 ἐπεβάτευον·
397 1118 552 1197 στρατηγοὶ
580 1117 611 1176 δέ
636 1123 692 1193 σφι
718 1118 851 1192 ἐπῆλθον,

50 1205 216 1283 Μαρδόντης
235 1231 266 1264 τε
286 1205 302 1265 ὁ
323 1206 448 1287 Βαγαίου
469 1206 515 1264 καὶ
527 1204 697 1282 Ἀρταΰντης
718 1204 733 1264 ό
753 1204 851 1282 Ἀρτα-

50 1294 141 1373 χαίου·
167 1299 291 1373 συνῆρχε
311 1293 340 1352 δὲ
360 1293 486 1354 τούτοισι
507 1293 553 1352 καὶ
573 1293 745 1368 ἀδελφιδέος,
767 1293 851 1354 αύτοῦ

50 1380 220 1459 Ἀρταΰντεω
259 1383 480 1460 προσελομένου,
521 1381 687 1458 Ἰθαμίτρης.
741 1382 790 1442 ἅτε
823 1383 853 1442 δέ

52 1471 182 1552 μεγάλως
199 1470 408 1552 πληγέντες,ού
429 1470 570 1548 προήῖσαν
590 1469 714 1548 ἀνωτέρω
733 1471 767 1531 τά
783 1472 853 1548 πρός

51 1559 178 1634 ἑσπέρης,
199 1557 255 1618 οὐδ’
274 1559 447 1640 ἐπηνάγκαζε
463 1559 560 1622 ούδείς·
581 1557 647 1618 ἀλλ’
666 1564 695 1618 ἐν
714 1563 750 1638 τῇ
768 1559 853 1639 Σάμῳ

45 1647 210 1724 κατήμενοι,
225 1647 394 1723 ἐφύλασσον
407 1647 458 1724 τήν
473 1647 579 1723 Ἰωνίην
591 1647 632 1724 μή
646 1647 767 1724 ἀποστῇ,
786 1652 854 1722 νήας

52 1737 161 1814 ἔχοντες
184 1735 238 1797 σύν
261 1739 329 1815 τῇσι
351 1735 425 1796 Ἰάσι
446 1736 616 1814 τριηκοσίας·
658 1735 691 1796 ού
710 1735 769 1811 μήν
792 1735 854 1794 ούδὲ

52 1826 256 1901 προσεδέκοντο
285 1823 351 1888 τούς
378 1824 523 1900 Ἕλληνας
553 1824 721 1885 ἐλεύσεσθαι
750 1831 777 1886 ἐς
802 1825 855 1900 τήν

51 1913 165 1991 Ἰωνίην,
174 1913 239 1974 ἀλλ’
250 1913 425 1993 ἀποχρήσειν
436 1919 492 1988 σφι
505 1913 557 1988 τήν
569 1917 674 1973 ἑωυτῶν
684 1913 853 1989 φυλάσσειν·

53 2003 258 2080 σταθμεύμενοι
285 2001 328 2062 ὅτι
349 2003 442 2078 σφέας
462 2001 512 2061 ούκ
533 2001 681 2071 ἐπεδίωξαν
701 2001 856 2081 φεύγοντας

54 2095 84 2148 ἐκ
109 2092 275 2169 Σαλαμῖνος,
298 2089 363 2150 ἀλλ’
385 2089 503 2168 ἅσμενοι
521 2088 756 2150 ἀπαλλάσσοντο·
785 2090 856 2149 κατά

52 2181 104 2255 μέν
128 2205 175 2240 νυν
195 2179 247 2255 τήν
268 2178 420 2239 θάλασσαν
441 2179 597 2254 ἑσσωμένοι
616 2176 692 2253 ἦσαν
711 2182 750 2258 τῷ
770 2178 856 2258 θυμῷ,

53 2268 124 2345 πεζῇ
144 2266 174 2325 δὲ
194 2267 303 2326 ἐδόκεον
323 2267 435 2327 πολλόν
453 2266 603 2344 κρατήσειν
620 2266 670 2327 τάν
686 2265 856 2344 Μαρδόνιον

54 2354 144 2418 ἐόντες
158 2355 187 2414 δέ
201 2359 229 2414 ἐν
244 2354 336 2434 Σάμῳ,
351 2354 410 2431 ἅμα
423 2359 474 2433 μὲν
488 2355 673 2431 ἐβουλεύοντο
688 2356 752 2414 εἴτι
766 2354 856 2414 δυναί-

56 2469 107 2502 ατο
142 2443 227 2502 κακάν
260 2442 326 2506 τούς
351 2444 503 2520 πολεμίους
531 2444 642 2513 ποιέειν,
670 2442 728 2520 άμα
755 2443 785 2502 δὲ
812 2442 858 2502 καὶ

55 2530 246 2591 ὠτακούστεον
260 2530 311 2607 ὅκη
325 2532 456 2591 πεσέεται
469 2531 504 2592 τά
519 2531 681 2608 Μαρδονίου
694 2531 855 2612 πρήγματα.

9 2621 63 2678 131
115 2620 186 2683 Τούς
199 2619 381 2696 δὲἝλληνας
392 2619 425 2680 τό
438 2646 470 2680 τε
483 2621 531 2697 έαρ
544 2619 690 2698 γινόμενον
703 2619 797 2700 ἤγειρε
811 2621 858 2678 καὶ

55 2708 214 2786 Μαρδόνιος
232 2713 261 2768 ἐν
277 2709 425 2787 Θεσσαλίῃ
440 2707 499 2768 ἐοίν.
545 2707 560 2767 ὁ
576 2710 628 2784 μὲν
644 2707 678 2784 δή
691 2707 774 2778 πεζός
786 2707 858 2766 οὔκω

55 2798 232 2878 συνελέγετο·
253 2795 269 2855 ό
288 2795 318 2855 δὲ
336 2797 462 2859 ναυτικὰς
478 2795 593 2856 ἀπίκετο
610 2801 637 2859 ἐς
656 2797 780 2877 Αἴγιναν,
795 2799 859 2871 νῆες

55 2884 174 2961 ἀριθμόν
187 2885 253 2943 δέκα
267 2884 312 2942 καὶ
327 2883 433 2944 ἑκατόν·
448 2885 607 2964 στρατηγός
620 2884 650 2943 δὲ
665 2885 710 2942 καὶ
720 2883 860 2963 ναύαρχος

54 2971 90 3046 ἦν
116 2972 286 3049 Λευτυχίδης
313 2971 329 3032 ἀ
357 2971 507 3048 Μενάρεος,
534 2975 585 3031 τοῦ
611 2971 783 3053 Ἡγησίλεω,
808 2977 860 3032 τοῦ

54 3057 277 3134 Ἱπποκρατίδεω,
295 3062 345 3118 τοῦ
363 3059 545 3138 Λευτυχιδεω,
561 3064 612 3119 τοῦ
627 3059 788 3129 Ἀναξίλεω,
809 3064 860 3119 τοῦ

54 3143 234 3223 Ἀρχιδήμου,
247 3149 298 3204 τοῦ
310 3145 534 3222 Ἀναξανδριδεω,
548 3151 599 3206 τοῦ
615 3147 795 3223 Θεοπόμπου,
809 3153 860 3208 τοῦ

55 3231 220 3307 Νικάνδρου,
234 3235 284 3292 τοῦ
303 3234 461 3309 Χαρίλλου,
475 3237 526 3294 τοῦ
543 3235 680 3312 Εύνόμου,
694 3239 745 3294 τοῦ
764 3239 859 3294 Πολυ-

55 3317 171 3386 δέκτεος,
185 3323 234 3376 τοῦ
254 3319 416 3396 Πρυτάνιος.
436 3326 486 3380 τοῦ
505 3321 700 3399 Εύρυφῶντος,
718 3327 769 3384 τοῦ
784 3330 859 3401 Προ-
