2282 3550
137 144 278 210 τοο-ιιι]
478 129 661 195 nomm
892 145 938 197 ιιι

137 229 223 288 πόλιν
235 231 292 286 τῶν
306 224 471 299 ἐνἜλλησι
487 224 672 300 προσφέρεαι,
687 223 732 282 καὶ
747 222 847 299 ἄνδρας
859 222 939 300 ἀρίσ-

138 315 228 380 τους.”
271 314 358 392 κάρτα
385 339 416 372 τε
443 312 476 388 δή
503 310 610 371 ἄπιστα
636 311 727 389 Ξέρξῃ
751 312 879 387 ἐφαίνετο
905 311 941 372 τιὶ

139 403 279 486 λεγόμενα
294 403 371 471 εἶναι,
386 402 431 460 καὶ
444 398 557 478 δεύτερα
576 399 708 476 ἐπειρώτα
727 399 819 460 ὅντινα
835 399 941 476 τρόπον

139 496 271 554 τοσοῦτοι
292 491 432 568 ἐόντεςτῇ
452 492 552 548 ἑωυτοῦ
571 492 690 566 στρατιῇ
708 488 899 566 μαχέσονται;
924 487 941 548 ὅ

139 580 170 639 δέ
181 581 251 640 εἶπε·
266 578 314 637 “οἰ
326 580 461 656 βασιλεῦ,
473 577 535 654 ἐμοὶ
548 578 674 655 χρᾶσθαι
685 576 720 639 ὥς
730 575 809 653 ἀνδρὶ
822 575 940 655 ψεύστῃ,

139 665 174 744 ἢν
186 667 227 744 μή
240 666 329 726 τοῦτό
342 693 388 726 τοι
400 665 488 745 ταύτῃ
502 667 575 744 ἐκβῇ
588 667 624 743 τῇ
638 663 692 746 ἐγιδ
705 663 804 745 λέγω.”

180 759 276 814 Ταῦτα
293 756 383 836 λέγων
401 753 451 814 οὐκ
471 755 562 813 ἔπειθε
581 753 630 812 τόν
648 753 763 830 Ξέρξεα·
783 754 989 829 τέσσερας210

139 847 192 921 μὲν
212 843 247 920 δή
265 843 404 920 παρεξῆκε
426 841 538 918 ἡμέρας,
553 841 672 912 ἐλπίζων
690 841 745 899 αἰεί
764 847 856 916 σφεας
874 838 942 898 α’πο-

140 931 306 1008 δρήσεσθαι·
328 932 442 1009 πέμπτῃ
456 929 493 999 δέ,
509 928 544 993 ὦς
555 928 603 988 οὐκ
617 928 851 1000 ἀπαλλάσσοντο,
866 927 943 986 ἄλλό

141 1023 168 1078 οἱ
187 1021 336 1094 ἐφαίνοντο
354 1018 477 1096 ᾅναιδείῃ
492 1043 523 1077 τε
542 1018 587 1076 καὶ
605 1015 730 1096 ἀβουλίῃ
747 1017 942 1095 διαχρεώμενοι

140 1107 241 1184 μένειν,
258 1108 362 1182 πέμπει
378 1103 419 1166 ἐπ’
434 1105 533 1168 αὐτοῦς
551 1103 666 1180 Μήδους
685 1132 716 1165 τε
737 1105 783 1163 καὶ
804 1105 943 1167 Κισσίους

141 1195 284 1271 θυμωθεὶς,
300 1193 490 1272 ἐντειλάμενός
507 1201 599 1270 σφεας
615 1193 811 1275 ζωγρήσαντας
825 1191 901 1273 ι’ίγειν
914 1198 941 1256 ἐς

140 1282 207 1360 ὄψιν
222 1281 274 1358 τήν
290 1286 399 1342 ἑωυτοῦ·
421 1281 457 1345 ὦς
474 1281 497 1340 δ’
511 1283 649 1342 ἐπέπεσον
663 1282 812 1358 φερόμενοι
832 1286 859 1344 ἐς
877 1281 941 1346 τούς

135 1369 281 1446 Ἕλληνας
299 1374 326 1430 οἱ
343 1371 447 1446 Μῆδοι,
465 1370 581 1430 ἔπιπτον
601 1370 715 1428 πολλοί·
738 1368 823 1429 ἄλλοι
842 1369 864 1429 δ’
881 1375 941 1448 ἐπε-

141 1457 257 1533 σήῖσαν,
272 1459 318 1517 καὶ
331 1457 382 1518 οὐκ
398 1457 587 1519 ἀπελαύνοπο
602 1459 699 1536 καίπερ
712 1458 841 1539 μεγιίλως
854 1485 941 1536 προσ·

141 1541 296 1602 πταίοντες·
310 1540 397 1616 δῆλον
410 1539 433 1598 δ’
443 1540 549 1598 ἐποίευν
563 1540 649 1599 παντί
659 1565 710 1618 τεῳ
721 1543 767 1598 καὶ
781 1539 829 1600 οὐκ
840 1540 943 1616 ἥκιστα
1017 1552 1019 1556 ’

141 1627 215 1706 αὐτῷ
227 1627 355 1702 βασιλέϊ,
370 1627 413 1687 ὅτι
432 1627 537 1686 πολλοὶ
554 1631 604 1704 μὲν
620 1626 759 1705 ἄνθρωποι
778 1628 832 1688 εἶεν
848 1628 941 1710 ὀλίγοι

141 1715 171 1775 δέ
185 1716 291 1792 ἄνδρες.
323 1716 428 1796 ἐγίνετο
442 1715 809 1793 δέήσυμβολήδίήμέρης.
843 1715 925 1776 Ἐπεί
932 1719 985 1776 211

140 1829 173 1864 τε
188 1804 218 1862 δὲ
240 1808 267 1862 οἱ
285 1804 379 1879 Μήδοι
396 1803 518 1882 τρηχέως
534 1805 716 1881 περιείποντο,
734 1806 851 1865 ἐνθαῦτα
867 1802 943 1864 οὗτοι

139 1895 194 1969 μὲν
216 1891 377 1968 ὖπεξήῖσαν,
401 1895 427 1950 οἶ
448 1893 477 1951 δὲ
498 1893 609 1969 Πέρσαι
630 1893 804 1970 ἐκδεξάμενοι
825 1893 944 1969 ἐπήισαν

141 1980 207 2044 τούς
219 1979 373 2042 ἀθανάτους
387 1979 483 2040 ἐκάλεε
497 1981 643 2056 βασιλεύς,
655 1986 709 2039 τῶν
719 1980 789 2059 ἦρχε
801 1981 942 2057 Ὑδάρνης,

142 2067 178 2130 οἷς
191 2067 226 2142 δή
240 2064 321 2127 οὗτοί
331 2095 365 2150 γε
382 2067 514 2130 εὐπετέως
531 2071 776 2149 κατεργασόμενοι·
798 2069 833 2131 οἷς
851 2069 880 2127 δὲ
899 2069 945 2128 καὶ

141 2153 221 2216 οὗτοι
236 2157 409 2236 συνέμισγον
428 2159 504 2215 τοῖσι
521 2155 656 2232 Ἕλλησι,
675 2155 753 2216 οὐδὲν
773 2157 860 2217 πλέον
882 2157 944 2232 ἐφέ-

141 2270 225 2321 ροντο
238 2247 290 2320 τῇς
303 2249 435 2322 στρατιῆς
451 2247 501 2319 τῆς
518 2243 646 2320 Μηδικῆς
659 2243 737 2302 ἀλλὰ
752 2244 787 2303 τοὶ
804 2244 882 2313 αὐτὰ,
897 2243 945 2305 ἅτε

142 2337 172 2392 ἐν
189 2331 362 2412 στεινοπόρῳ
377 2359 408 2392 τε
426 2331 506 2410 χώρῳ
520 2331 676 2410 μαχόμενοι
692 2333 738 2390 καὶ
757 2331 857 2410 δόρασι
874 2335 945 2411 βρα-

140 2420 286 2499 χυτέροισι
299 2420 450 2498 χρεόμενοι
463 2418 535 2497 ήπερ
549 2419 730 2496 οἱἝλληνες,
746 2423 791 2480 καὶ
805 2421 854 2480 οὐκ
871 2423 945 2500 ἔχον-

140 2534 186 2572 τες
199 2507 305 2584 πλήθεϊ
317 2508 492 2588 χρήσασθαι.
529 2508 742 2585 Λακεδαιμόνιοι
761 2509 789 2567 δὲ
808 2508 946 2588 ἐμάχοντο

141 2596 224 2666 ἀξίως
237 2595 335 2678 λόγου,
350 2597 427 2656 ἄλλα
440 2623 470 2656 τε
484 2596 709 2674 ἀποδεικνύμενοι
723 2603 752 2656 ἐν
766 2597 815 2656 οὐκ
833 2602 946 2656 ἐπιστα-

141 2686 254 2760 μένοισι
267 2683 412 2763 μάχεσθαι
423 2684 641 2760 ἐξεπιστάμενοι,
654 2685 699 2742 καὶ
710 2684 778 2747 ὅκως
789 2685 947 2761 ἐντρέψειαν

141 2774 178 2834 τὰ
199 2777 281 2843 νιΐντο,
303 2773 384 2836 ἁλέες
406 2773 563 2853 φεύγεσκον
586 2771 677 2848 δῆθεν·
703 2775 729 2831 οἱ
751 2772 780 2830 δὲ
801 2771 947 2848 βάρβαροι

142 2860 274 2938 ὅρέωντες
288 2863 444 2943 φεύγοντας
460 2862 520 2939 βοῇ
533 2887 564 2920 τε
581 2862 627 2920 καὶ
646 2860 760 2941 πατάγῳ
779 2859 906 2934 ἐπήϊσαν,
920 2863 947 2919 οἱ

142 2948 166 3010 δ’
190 2947 225 3010 ἂν
251 2949 534 3026 καταλαμβανόμενοι
558 2948 736 3025 ὑπέστρεφον
762 2946 851 3008 οἷντίοι
878 2947 947 3008 εἶναι

141 3041 220 3098 τοῖσι
235 3038 424 3116 βαρβάροισι·
445 3035 705 3114 μεταστρεφόμενοι
723 3036 751 3094 δέ
768 3037 948 3112 κατέβαλλον

141 3125 249 3202 πλήθεϊ
266 3124 470 3202 ἀναριθμήτους
486 3129 541 3184 τῶν
557 3125 700 3199 Περσέων·
723 3124 838 3182 ἔπιπτον
855 3124 885 3182 δὲ
902 3125 948 3181 καὶ

143 3214 235 3274 αὖτῶν
258 3217 313 3272 τῶν
336 3211 531 3288 Σπαρτιητέων
556 3212 672 3270 ἐνθαῦτα
697 3208 798 3286 ὀλίγοι.
840 3210 898 3266 ἐπεὶ
919 3209 948 3265 δέ

143 3300 224 3361 οὐδὲν
245 3299 373 3360 ἐδυνέατο
393 3299 572 3372 παραλαβεῖν
593 3298 620 3352 οἶ
644 3293 755 3367 Πέρσαι
778 3297 828 3367 τῇς
848 3293 948 3354 ἐσόδου
