2258 3568
205 133 237 180 12
394 125 398 136 '
511 131 694 182 Ἦνοιουοτ
957 133 1008 198 [V.

202 211 346 287 ρημένους,
367 213 480 288 ἐφασαν
498 211 587 271 αὐτῶν
604 210 764 288 βούλεσθαι
782 211 933 281 διεξελθεῖν
952 213 1009 290 τήν

204 297 308 377 χύρην·
327 303 467 362 ποιεῦντες
480 300 617 369 δὲταῦτα,
633 299 678 357 καὶ
692 298 836 370 διεξιόντες
848 305 944 361 πᾶσαν
954 302 1009 378 τήν

205 388 362 464 Μιλησίην,
376 387 444 450 ὅκως
462 388 524 448 τινά
542 388 625 448 ἴδοιεν
644 392 673 447 ἐν
690 387 858 468 ἀνεστηκυίῃ
875 393 912 468 τῇ
926 389 1007 470 χάρη

203 473 291 554 α’γρόν
305 474 333 536 εὖ
351 475 562 556 ἐξεργασμένον,
577 475 776 557 άπεγραφέατο
789 476 822 536 τό
836 476 942 555 ούνομα
954 479 1007 538 τοῦ

204 563 345 624 δεσπότεω
365 569 415 624 τοῦ
436 564 534 646 άγροῦε
557 563 768 633 διεξελάσαντες
788 565 818 623 δέ
837 569 934 626 πᾶσαν
952 566 1008 643 τήν

203 651 296 730 χώρην
317 654 362 712 καὶ
384 653 519 716 σπανίους
540 653 663 730 εύρόντες
683 653 804 726 τούτους,
826 652 861 715 ὥς
880 653 1007 733 τάχιστα

204 742 367 817 κατέβησαν
381 747 407 805 ἐς
420 741 453 802 τό
468 741 548 811 άστυ,
563 741 647 818 άλίην
660 740 854 818 ποιησάμενοι,
869 740 923 800 α’πέ
940 743 1007 812 εξαν

203 828 317 893 τούτους
332 832 383 906 μὲν
396 829 448 906 τήν
461 829 546 891 πόλιν
559 831 650 906 νέμειν
662 833 717 890 τῶν
731 827 810 906 εὗρον
822 828 887 891 τούς
902 828 1007 909 α’γρούς

204 915 233 974 εύ
261 917 488 999 ἐξεργασμένους·
524 919 628 978 δοκέειν
653 917 708 999 γάρ
737 919 849 993 ἔφασαν
876 917 921 975 καὶ
949 923 1006 978 τῶν

203 1005 345 1082 δημοσίων
359 1005 429 1066 οὕτω
443 1006 477 1082 δή
494 1013 586 1084 σφεας
601 1006 824 1083 ἐπιμελήσεσθαι
839 1004 934 1082 ὥσπερ
949 1009 1006 1066 τῶν

203 1096 358 1174 σφετέρων·
386 1095 450 1160 τούς
478 1097 507 1154 δέ
530 1095 636 1158 ἅλλους
663 1094 824 1170 Μιλησίους
850 1092 915 1155 τούς
938 1095 1006 1170 πρὶν

204 1183 408 1254 στασιάζοντας
421 1183 524 1244 τούτων
537 1184 636 1253 ἔταξαν
647 1184 802 1242 πείθεσθαι.
835 1180 939 1258 Πάριοι
951 1183 1005 1259 μέν

155 1271 193 1328 30
203 1295 251 1330 νυν
262 1271 333 1332 οὕτω
344 1273 504 1347 Μιλησίους
515 1271 694 1349 κατήρτισαν.
724 1269 794 1330 Τότε
805 1269 834 1328 δὲ
845 1273 875 1328 ἐκ
885 1271 1005 1331 τουτέων

202 1363 257 1418 τῶν
266 1361 372 1418 πολίων
383 1357 434 1419 ὧδε
447 1359 550 1438 ἤρχετο
565 1359 635 1418 κακά
648 1360 777 1441 γίνεσθαι
789 1363 825 1436 τῇ
838 1357 937 1436 Ἰωνίῃ.
973 1365 1005 1419 ἐκ

202 1447 299 1518 Νάξου
321 1449 425 1529 ἔφυγον
445 1448 541 1525 άνδρες
560 1452 616 1507 τῶν
631 1449 743 1529 παχέων
759 1446 813 1506 ύπό
831 1453 883 1506 τού
904 1447 1004 1524 δήμου·

202 1535 339 1616 φυγόντες
353 1535 383 1594 δέ
396 1535 530 1595 άπίκοντο
544 1541 570 1598 ἐς
588 1537 727 1612 Μίλητον.
761 1539 811 1611 τῆς
825 1535 854 1594 δὲ
872 1536 1005 1610 Μιλήτου

203 1623 337 1704 ἐτύγχανε
346 1627 494 1700 ἐπίτροπος
503 1624 553 1683 ἐάν
561 1623 787 1706 Ἀρισταγόρηςό
797 1623 1003 1704 Μολπαγόρεω,

202 1712 332 1792 γαμβρός
342 1739 372 1771 τε
384 1706 434 1771 έών
443 1713 488 1770 καὶ
497 1711 610 1788 ἀνεψιός
619 1712 754 1772 Ἱστιαίου
764 1717 814 1771 τοῦ
822 1709 1003 1792 Λυσαγόρεω,

201 1800 252 1860 τόν
266 1801 281 1860 ά
297 1806 414 1878 Δαρεῖος
434 1807 462 1860 ἐν
480 1800 619 1863 Σούσοισι
633 1805 753 1880 κατεῖχε·
775 1800 791 1860 ό
804 1800 859 1882 γάρ
872 1799 1004 1863 Ἱστιαῖος

201 1887 333 1966 τύραννος
342 1889 378 1965 ἦν
388 1888 528 1965 Μιλήτου,
539 1890 584 1948 καὶ
595 1889 728 1971 ἐτύγχανε
738 1893 839 1948 τοῦτον
846 1887 895 1948 τόν
902 1887 1004 1966 χρόνον
1046 1893 1053 1902 ’

203 1976 254 2036 ἐάν
275 1983 304 2037 ἐν
325 1977 462 2042 Σούσοισι
482 1977 529 2037 ὅτε
551 1981 578 2036 οἱ
599 1978 701 2047 Νάξιοι
718 1976 816 2052 ἦλθον,
835 1977 918 2046 ξεῖνοι
938 1977 1004 2053 πρὶν

202 2064 292 2128 ἐόντες
308 2070 346 2145 τῷ
361 2065 493 2145 Ἱστιαίῳ·
515 2065 679 2142 ἀπικόμενοι
698 2065 727 2123 δὲ
746 2068 772 2123 οἱ
791 2064 893 2134 Νάξιοι
910 2069 937 2127 ἐς
952 2064 1004 2141 τήν

202 2154 343 2230 Μίλητον,
358 2155 466 2214 ἐδέοντο
482 2159 533 2214 τοῦ
550 2152 765 2234 Ἀρισταγόρεω,
782 2153 807 2211 εἴ
824 2179 875 2215 κως
892 2151 1002 2213 αύτοῖσι

201 2241 346 2320 παράσχοι
357 2242 471 2320 δύναμίν
481 2268 551 2312 τινα,
562 2243 608 2301 καὶ
619 2242 779 2301 κατέλθοιεν
791 2247 817 2304 ἐς
827 2241 879 2317 τήν
890 2245 1002 2302 ἑωυτῶν·

202 2329 217 2389 ό
232 2330 261 2388 δὲ
275 2330 472 2406 ἐπιλεξάμενος
485 2329 521 2394 ιύς
532 2329 567 2406 ἢν
580 2329 614 2390 δι’
626 2334 726 2390 ἑαυτοῦ
740 2330 898 2389 κατέλθωσι
912 2333 939 2392 ἐς
951 2329 1003 2406 τήν
1099 2397 1100 2408 ¹

202 2417 287 2478 πόλιν
307 2417 383 2496 άρξει
402 2422 452 2494 τής
469 2417 574 2489 Νάξου,
593 2422 699 2498 σκῆψιν
720 2418 749 2477 δὲ
770 2417 933 2494 ποιεύμενος
951 2417 1003 2494 τήν
1069 2474 1078 2489 ,

202 2507 303 2582 ξεινίην
319 2507 371 2582 τήν
386 2507 528 2580 Ἱστιαίου,
546 2506 627 2568 τόνδε
647 2514 703 2582 σφι
723 2506 812 2588 λόγον
832 2507 1001 2583 προσέφερε·

202 2604 220 2630 “
228 2593 311 2659 αύτός
322 2598 374 2672 μὲν
384 2595 449 2672 ύμῖν
459 2595 491 2654 ού
503 2593 658 2677 φερέγγυός
671 2599 727 2672 εἰμι
737 2594 853 2671 δύναμιν
863 2593 1003 2670 τοσαύτην

202 2688 368 2763 παρασχεῖν,
387 2683 458 2743 ὥστε
477 2683 607 2764 κατάγειν
623 2682 758 2743 αἐκόντων
775 2687 831 2742 τῶν
848 2681 900 2758 τὴν
918 2681 1002 2743 πόλιν

203 2770 322 2851 ἐχόντων
349 2773 469 2842 Ναξίων·
501 2771 676 2849 πυνθάνομαι
706 2771 761 2852 γάρ
788 2770 1002 2850 ὀκτακισχιλίην

201 2858 309 2919 άσπιδα
336 2861 470 2930 Ναξίοισι
497 2859 575 2930 εἶναι,
600 2860 645 2918 καὶ
669 2863 757 2918 πλοῖα
779 2857 873 2936 μακρά
896 2862 1001 2918 πολλα·

201 2949 404 3027 μηχανήσομαι
418 2948 447 3007 δὲ
456 2951 553 3008 πᾶσαν
563 2948 690 3024 σπουδήν
700 2939 872 3024 ποιεύμενος·
891 2948 1002 3007 ἐπινοέω

203 3037 232 3096 δέ
244 3037 320 3116 τῇδε·
340 3036 532 3114 Ἀρταφέρνης
547 3063 597 3112 μοι
611 3035 743 3116 τυγχάνει
761 3039 811 3096 ε’ὦν
826 3037 920 3113 φίλος·
942 3035 957 3096 ό
974 3036 1002 3095 δέ

201 3125 370 3186 Ὑστάσπεω
386 3125 437 3200 μέν
453 3129 514 3184 ἐστι
533 3123 598 3186 πάϊς
613 3124 732 3201 Δαρείου
752 3125 782 3184 δέ
799 3129 849 3185 τοῦ
864 3125 1002 3203 βασιλέος

202 3213 428 3291 άδελφεόςιτῶν
452 3211 475 3272 δ’
498 3213 711 3273 ἐπιθαλασσίων
733 3218 788 3274 τῶν
812 3219 841 3274 ἐν
864 3219 900 3293 τῇ
920 3213 1002 3292 Ἀσίη

202 3302 282 3384 άρχει
295 3301 413 3371 πάντων,
428 3301 497 3380 ἔχων
511 3301 646 3380 στρατιήν
659 3328 690 3362 τε
705 3303 819 3380 πολλήν
833 3304 879 3363 καὶ
893 3302 1002 3366 πολλάς
1051 3326 1054 3330 “
