2276 3554
136 161 247 225 ιιι-91]
474 159 586 206 nmo.
904 156 936 201 ω

135 242 247 300 σασθαι
275 238 316 298 ἐπ’
340 237 517 319 Αἰγινήτῃσι·
546 238 592 296 καὶ
618 237 653 312 ἦν
679 235 734 317 γὰρ
762 234 937 311 Νικόδρομος

135 329 262 389 Κνοίθου
290 327 457 402 καλεόμενος
484 331 513 386 ἐν
535 331 571 404 τῇ
595 325 694 405 Αἰγίνῃ
720 323 789 399 ἀνήρ
816 322 936 398 δόκιμος,

134 415 217 479 οὗτος
238 415 419 492 μεμφόμενος
442 416 493 490 μὲν
514 418 591 474 τοῖσι
612 412 780 494 Αἰγινήτῃσι
801 411 937 487 προτέρην

134 508 237 563 ἐωυτοῦ
256 505 387 573 ἐξέλασιν
405 508 436 561 ἐκ
454 507 504 578 τῆς
522 502 619 578 νήσου,
634 501 730 579 μαθαίν
746 500 775 559 δὲ
790 498 854 560 τότε
873 499 937 562 τούς

133 589 300 667 Ἀθηναίους
323 590 526 667 ἀναρτημένους
554 591 641 667 ἕρδειν
665 587 814 669 Αἰγινήτας
840 591 936 658 κακῶς,

133 680 295 739 συντίθεται
314 678 489 754 Ἀθηναίοισι
510 678 664 755 προδοσίην
681 677 802 757 Αἰγίνης,
823 675 937 752 φράσας

133 773 164 828 ἐν
177 773 214 846 τῇ
227 793 258 826 τε
270 766 360 846 ήμέρη
374 766 554 844 ἐπιχειρήσει,
566 767 612 824 καὶ
626 766 744 828 ἐκείνους
758 771 784 828 ἐς
797 764 848 839 τήν
861 763 937 840 ήκειν

133 855 231 931 δεήσει
251 855 433 930 βοηθέοντας·
454 856 525 930 μετά
538 859 641 924 Ιταῦτα,
656 852 869 930 καταλαμβάνει
886 855 938 929 μὲν

134 943 205 1003 καταὶ
224 942 260 1002 τά
280 942 452 1018 συνεθήκατο
472 942 487 1002 ό
505 941 681 1020 Νικόδρομος
693 941 868 1017 Ἀθηναίοισι
886 941 938 1016 τήν

133 1031 260 1107 παλαιήν
274 1032 445 1108 καλεομένην
458 1030 551 1090 πόλιν·
572 1029 716 1106 Ἀθηναῖοι
730 1030 759 1088 δέ
773 1029 805 1088 οὐ
818 1030 935 1108 παραγί-
946 1031 983 1088 89

134 1145 229 1179 νονται
243 1125 271 1182 ἐς
284 1119 355 1178 δέον·
378 1117 410 1177 οὔ
423 1118 477 1198 γάρ
492 1119 590 1196 ἔτυχον
604 1122 701 1178 ἐοῦσαι
719 1118 776 1180 νέες
790 1123 845 1192 σφι
864 1116 937 1186 άξιό-

133 1233 223 1286 μαχοι
236 1212 304 1286 τῇσι
318 1206 485 1287 Αἰγινήτέων
502 1207 687 1282 συμβαλέειν·
710 1210 739 1266 ἐν
753 1204 773 1284 ᾧ
787 1203 824 1264 ὧν
838 1211 937 1280 Κοριν-

135 1296 201 1354 θίων
223 1296 332 1354 ἐδέοντο
352 1296 463 1374 χρῆσαί
483 1301 539 1370 σφι
560 1295 631 1365 νέας,
648 1299 677 1355 ἐν
694 1293 782 1372 τοήτιρ
802 1293 938 1369 διεφθάρη

133 1383 170 1442 τά
188 1383 351 1463 πρήγματα.
394 1385 421 1441 οἱ
434 1382 463 1440 δὲ
478 1383 630 1459 Κορίνθιοι,
646 1381 721 1458 ἦσαν
733 1381 788 1463 γάρ
802 1388 858 1457 σφι
876 1385 937 1440 τοῦ·

132 1497 183 1531 τον
203 1471 254 1531 τόν
276 1471 378 1550 χρόνον
401 1471 483 1546 φίλοι
504 1477 531 1534 ἐς
551 1470 587 1530 τά
608 1470 744 1547 μάλιστα,
763 1470 938 1546 Ἀθηναίοισι

133 1559 243 1618 διδοῦσι
265 1559 422 1636 δεομένοισι
447 1560 535 1618 εἰκοσι
559 1559 630 1628 νέας,
653 1559 761 1618 διδοῦσι
786 1560 815 1618 δὲ
839 1585 936 1618 πεντα-

133 1647 277 1726 δράχμους
291 1646 470 1724 άποδόμενοι·
492 1647 606 1723 δωτίνην
625 1647 680 1728 γάρ
695 1653 724 1706 ἐν
737 1653 775 1726 τῷ
789 1647 864 1726 νόμῳ
885 1644 937 1706 ου’κ

133 1737 200 1811 ἐξῆν
214 1737 317 1796 δοῦναι·
338 1735 439 1798 ταύτας
452 1761 482 1795 τε
496 1735 530 1810 δή
544 1735 683 1811 λαβόντες
697 1739 723 1795 οἱ
736 1735 879 1810 Ἀθηναῖοι
893 1734 938 1792 καί

132 1824 185 1886 τάς
205 1825 352 1901 σφετέρας,
370 1823 570 1900 πληρώσαντες
588 1823 781 1900 ἑβδομήκοντα
803 1823 865 1885 νέας
886 1821 936 1884 τιίς

133 1911 255 1984 άπάσας,
272 1913 371 1976 ἔπλεον
383 1913 427 1970 ἐπὶ
440 1911 492 1987 τήν
506 1913 631 1992 Αἴγιναν·
654 1913 700 1970 καὶ
713 1911 865 1988 ὖστέρισαν
878 1909 943 1986 ἦμέ-

133 2027 170 2078 ρη
182 2005 235 2080 μιῇ
244 2005 294 2075 τῆς
302 2001 493 2082 συγκειμένης.
524 1999 700 2077 Νικόδρομος
713 2000 750 2068 δὲ,
766 1999 801 2062 ὦς
815 2001 841 2056 οἱ
854 1997 937 2072 Ἀθη·
946 2001 983 2056 90

133 2091 207 2148 ναῖοι
221 2094 248 2151 ἐς
261 2088 311 2147 τόν
325 2089 420 2165 καιρόν
435 2088 466 2146 οὗ
480 2088 671 2168 παρεγίνοντο,
687 2093 714 2150 ἐς
727 2091 829 2146 πλοῖον
848 2085 938 2161 ἐσβὰς

134 2176 308 2252 ἐκδιδρήσκει
322 2181 352 2234 ἐκ
365 2179 413 2250 τῆς
429 2177 552 2256 Αἰγίνης·
588 2175 641 2235 σόν
655 2175 685 2234 δέ
699 2179 725 2234 οἱ
740 2176 785 2233 καὶ
802 2174 887 2233 ἄλλοι
908 2179 937 2232 ἐκ

132 2269 188 2324 τῶν
202 2266 371 2345 Αἰγινητέων
389 2265 519 2324 ἐσποντο·
562 2267 638 2322 τοῖσι
658 2263 802 2339 Ἀθηναῖοι
823 2262 938 2326 Σούνιον

132 2357 249 2428 οἰκῆσαι
265 2353 376 2412 ἔδοσαν·
398 2354 523 2413 ἐνθεῦτεν
541 2351 571 2410 δέ
588 2349 665 2411 οὗτοι
686 2351 857 2428 όρμειόμενοι
876 2351 937 2426 ἐφε-

131 2441 184 2517 ρόν
199 2467 231 2500 τε
252 2442 298 2500 καὶ
318 2439 388 2522 ἦγον
408 2441 473 2503 τούς
486 2446 515 2500 ἐν
528 2444 563 2518 τῇ
578 2439 654 2519 νήσῳ
671 2439 830 2520 Αἰγινήτας·
851 2443 938 2498 ταῦτα

131 2531 185 2605 μέν
198 2528 233 2604 δή
246 2527 366 2606 ὕστερον
383 2530 494 2608 ἐγίνετο.
539 2529 706 2609 Αἰγινητέων
727 2528 756 2586 δὲ
777 2532 804 2586 οἱ
824 2529 934 2605 παχέες,
947 2529 982 2586 91

132 2617 342 2679 ἐπαναστάντος
361 2621 411 2677 τοῦ
428 2617 517 2694 δήμου
538 2623 593 2691 σφι
614 2615 672 2694 ἅμα
686 2616 860 2694 Νικοδρόμῳ,
876 2620 935 2673 ἐπε-

132 2704 289 2780 κράτησαν·
312 2705 358 2763 καὶ
380 2705 473 2764 ἐπειτά
495 2711 587 2780 σφεας
607 2703 816 2783 χειρωσάμενοι,
838 2704 937 2783 ἐξῆγον

132 2792 312 2856 άπολέοντες.
347 2791 403 2852 άπὸ
416 2793 516 2852 τούτου
530 2792 559 2850 δὲ
574 2794 619 2851 καὶ
632 2791 699 2872 ἄγος
713 2799 769 2868 σφι
783 2792 891 2872 ἐγένετο
904 2790 936 2850 τό

132 2880 310 2941 ἐκθύσασθαι
335 2880 384 2940 οὐκ
408 2881 464 2940 οἶοί
484 2907 515 2940 τε
540 2881 662 2960 ἐγίνοντο
688 2879 936 2958 ἐπιμηχανώμενοι·

132 2967 201 3026 ἀλλ’
216 2970 346 3045 ἔφθησαν
362 2968 526 3032 ἐκπεσόντες
543 2967 679 3044 πρότερον
697 2973 726 3026 ἐκ
744 2973 794 3042 τῆς
812 2968 900 3042 νήσου
919 2965 938 3042 ἤ

132 3063 191 3132 σφι
206 3057 287 3115 ἵλεων
300 3058 431 3137 γενέσθαι
441 3056 496 3132 ’τήν
510 3055 582 3115 θεόν·
624 3055 807 3116 ἑπτακοσίους
826 3055 881 3135 γάρ
903 3055 936 3129 δή

132 3147 184 3203 τοῦ
206 3144 296 3221 δήμου
315 3144 515 3225 ζωγρήσαντες,
530 3143 629 3221 ἐξῆγον
648 3141 682 3203 ὦς
703 3141 877 3199 ἀπολέοντες·
900 3139 938 3198 εἶς

133 3230 166 3291 δέ
184 3257 227 3295 τις
246 3231 350 3291 τούτων
372 3230 499 3311 ἐκφυγὼν
520 3228 556 3287 τά
577 3227 668 3301 δεσμά
686 3223 854 3299 καταφεύγει
868 3223 938 3295 πρὸς

133 3319 264 3399 πρόθυρα
287 3319 436 3396 Δήμητρος
459 3314 651 3390 θεσμοφόρου·
675 3305 935 3380 ἐπιλαμβανόμενος
