2276 3554
177 172 287 236 51-55]
495 171 679 220 HOATMNIA.
933 171 979 218 145

175 251 269 330 πάρεξ
280 250 311 311 δέ
323 244 431 321 τούτου,
446 256 475 310 ἐν
488 255 523 329 τῇ
536 251 657 330 ήμετέρη
678 248 883 314 καταλιπόντας
898 249 981 310 τέκνα

175 365 208 400 τε
229 341 276 400 καὶ
294 344 427 422 γυναῖκας
440 341 486 399 καὶ
499 340 639 419 χρήματα,
654 339 711 398 οὐδ’
725 338 907 420 ἐπιλέγεσθαι
924 337 980 417 χρη

175 428 309 506 νειότερόν
321 455 349 490 τι
362 429 501 504 ποιήσειν·
523 428 593 488 οὕτω
606 429 676 506 μηδὲ
689 433 772 487 τοῦτο
787 428 888 503 φοβέο,
903 425 980 486 άλλά

176 516 267 594 θυμόν
290 517 359 596 ἔχων
384 515 500 597 α’γαθδν,
521 519 593 588 σῶζε
619 517 695 576 οἶκόν
716 543 748 575 τε
771 515 820 575 τόν
844 514 910 592 ἐμόν
935 516 980 574 καὶ

174 605 324 682 τυραννίδα
340 604 392 681 τήν
410 604 489 681 ἐμήν
510 607 558 665 σοὶ
578 605 634 686 γάρ
655 605 709 687 ἐγω
720 604 813 684 μούνῳ
827 610 857 664 ἐκ
869 603 980 665 πάντων

175 697 309 770 σκῆπτρα
322 693 357 752 τά
373 692 427 769 ἐμά
441 693 607 770 ἐπιτράπω.”

216 785 311 840 Ταῦτα
332 782 411 844 εἶπας
425 782 471 839 καὶ
483 780 661 859 Ἀρτάβανον
681 780 853 844 ἀποστείλας
866 783 894 843 ἐς
907 783 977 844 Σοῦ·
987 782 1026 840 53

175 894 224 938 σα,
238 868 352 948 δεύτερα
365 870 563 947 μετεπέμψατο
577 871 683 947 Ξέρξης
696 870 830 946 Περσέων
850 868 914 931 τούς
934 868 978 926 δο-

175 957 355 1033 κιμωτάτους
377 959 437 1018 ἐπεὶ
459 958 491 1017 δέ
511 961 538 1017 οἱ
560 963 701 1035 παρῆσαν,
725 958 805 1038 ἔλεγέ
825 963 882 1033 σφι
903 956 978 1016 τάδε·

175 1050 194 1078 “
207 1039 360 1122 ὦΠέρσαι,
373 1045 452 1106 τῶνδ’
467 1045 520 1127 ἐγω
533 1046 623 1123 ύμέων
642 1045 752 1126 χρῄζων
773 1045 918 1115 συνέλεξα,
933 1043 979 1104 άν-

175 1131 242 1209 δρας
260 1159 292 1194 τε
309 1135 437 1215 γίνεσθαι
458 1133 588 1216 ἀγαθούς,
602 1135 648 1194 καὶ
667 1134 708 1212 μὴ
729 1132 925 1212 καταισχύνειν
943 1131 979 1193 τά

175 1221 302 1298 πρόσθεν
320 1224 481 1304 ἐργασμένα
494 1224 634 1303 Πέρσησι,
651 1223 731 1284 ἐόντα
751 1222 863 1304 μεγάλα
880 1248 911 1282 τε
930 1223 976 1281 καὶ

175 1315 288 1371 πολλοῦ
308 1311 381 1381 ἄξια·
402 1311 468 1371 ἀλλ’
483 1312 521 1376 είς
533 1338 564 1372 τε
578 1313 695 1376 ἕκαστος
708 1314 754 1371 καὶ
773 1315 800 1371 οἱ
815 1310 976 1388 σύμπαντες

175 1399 333 1476 προθυμίην
355 1401 469 1479 ἔχωμεν·
491 1400 571 1471 ξυνόν
593 1400 649 1482 γάρ
670 1405 753 1460 τοῦτο
775 1405 847 1460 πᾶσι
870 1399 977 1482 άγαθδν

175 1486 338 1548 σπεύδεται.
374 1487 459 1548 τῶνδε
473 1488 502 1548 δὲ
516 1490 605 1548 εἵνεκα
618 1489 796 1570 προαγορεύω
809 1487 977 1567 ἀντέχεσθαι

174 1579 226 1634 τοῦ
242 1577 370 1654 πολέμου
391 1579 580 1653 ἐντεταμένως·
602 1577 637 1640 ὦς
649 1576 704 1658 γάρ
719 1576 772 1658 ἐγω
792 1575 976 1654 πυνθάνομαι,

175 1662 218 1723 ἐπ’
236 1662 337 1742 ἄνδρας
359 1665 569 1742 στρατευόμεθα
590 1664 722 1747 ἀγαθούς·
745 1669 799 1725 τῶν
822 1663 856 1740 ἢν
878 1663 976 1742 κρατή-

174 1777 278 1829 σωμεν,
293 1752 325 1812 ού
343 1752 384 1830 μή
396 1779 438 1816 τις
451 1753 518 1829 ἡμῖν
531 1753 622 1816 ἄλλος
635 1752 756 1831 στρατδς
774 1752 892 1832 άντιστῇ
913 1777 976 1811 κοτε

174 1839 336 1916 ἀνθρώπων.
377 1844 425 1902 νῦν
444 1840 473 1899 δὲ
494 1841 681 1919 διαβαίνωμεν
701 1839 881 1918 ἐπευξάμενοι
900 1842 977 1899 τοῖσι

174 1929 276 1999 θεοῖσι,
296 1930 341 1989 τοὶ
361 1931 490 2007 Περσίδα
509 1933 564 2011 γῆν
584 1929 769 2012 λελόγχασι.”

215 2017 326 2094 Ταύτην
345 2020 397 2095 μὲν
418 2019 470 2093 τήν
489 2018 596 2095 ἡμέρην
614 2017 859 2095 παρασκευάζοντα
878 2021 906 2079 ἐς
925 2015 1022 2092 mm

173 2105 320 2181 διάβασιν·
339 2110 376 2184 τῇ
394 2105 424 2165 δὲ
441 2107 575 2184 ύστεραίη
594 2105 725 2182 α’νέμενον
745 2104 794 2165 τδν
813 2104 903 2180 ἥλιον,
918 2105 975 2164 ἐθέ-

172 2199 271 2256 λοντες
286 2193 393 2253 ἰδέσθαι
406 2193 567 2274 ἀνίσχοντα,
580 2193 740 2270 θυμιήματά
753 2219 785 2254 τε
797 2197 916 2254 παντοῖα
929 2193 975 2252 ἐπὶ

172 2285 229 2340 τῶν
247 2282 391 2362 γεφυρέων
404 2284 596 2364 καταγίζοντες
610 2283 655 2340 καὶ
668 2283 822 2362 μυρσίνῃσι
842 2281 973 2359 στορνύν-

173 2396 219 2433 τες
237 2369 291 2446 τὴν
310 2370 384 2430 ὁδόν·
406 2370 440 2433 ὦς
453 2371 476 2430 δ’
491 2371 657 2429 ἐπανέτελλε
672 2371 687 2430 ό
700 2371 788 2448 ἥλιος,
803 2370 928 2430 σπένδων
943 2375 973 2428 ἐκ

172 2459 297 2537 χρυσέης
316 2459 423 2535 φιάλης
444 2460 550 2536 Ξέρξης
573 2464 599 2521 ἐς
622 2459 673 2534 τὴν
696 2460 855 2530 θάλασσαν,
879 2457 974 2537 εὔχετο

172 2546 244 2622 πρός
269 2546 319 2608 τδν
344 2546 434 2623 ἥλων,
457 2547 594 2624 μηδεμίαν
621 2551 647 2606 οἱ
671 2549 822 2628 συντυχίην
843 2547 973 2622 τοιαύτην

171 2635 306 2716 γενέσθαι
323 2635 342 2712 ἦ
361 2661 410 2713 μιν
429 2634 533 2694 παύσει
553 2638 803 2714 καταστρέψασθαι
816 2635 868 2712 την
881 2633 973 2712 Εύριό·

173 2748 230 2798 πην
248 2724 384 2801 πρότερον
396 2724 415 2801 ἢ
429 2725 474 2784 ἐπὶ
494 2725 614 2802 τέρμασι
634 2729 710 2784 τοῖσι
731 2726 834 2802 ἐκείνης
850 2725 973 2806 γένηται·

173 2810 323 2888 εὐξάμενος
344 2813 382 2884 δέ,
404 2815 529 2891 ἐσέβαλε
549 2812 601 2889 τὴν
623 2813 730 2890 φιάλην
752 2819 780 2878 ἐς
800 2813 850 2872 τδν
870 2811 972 2886 Ἐλλή-

172 2926 299 2960 σποντον
321 2902 366 2960 καὶ
383 2902 506 2981 χρύσεον
524 2905 647 2980 κρηπῆρα
666 2903 711 2960 καὶ
732 2900 875 2979 Περσικόν
892 2901 973 2977 ξίφος

174 2986 222 3047 τδν
244 2987 377 3065 άκινάκην
398 2991 541 3050 καλέουσι.
582 2995 670 3050 ταῦτα
694 2989 744 3050 ούκ
765 2993 819 3069 ἔχω
840 2989 973 3066 ἀτρεκέως

172 3076 320 3153 διακρῖναι,
337 3075 400 3137 οὔτε
421 3083 445 3137 εἰ
464 3083 502 3156 τῷ
523 3079 593 3156 ἡλίῳ
615 3077 753 3140 α’νατιθεὶς
772 3081 872 3149 κατῆκε
895 3082 922 3137 ἐς
938 3074 971 3134 τδ

171 3165 307 3245 πέλαγος,
324 3163 386 3225 ούτε
408 3168 432 3224 εἶ
451 3165 628 3242 μετεμέλησέ
645 3168 671 3222 οἱ
688 3164 738 3222 τόν
757 3159 973 3232 Ἑλλήσποντον

171 3251 388 3333 μαστιγώσαντι
401 3254 447 3311 καὶ
460 3252 521 3312 οἶντὶ
534 3250 637 3309 τούτων
650 3248 701 3321 τὴν
715 3247 866 3306 θάλασσαν
880 3243 971 3315 ἐδωρέ-

172 3365 230 3399 ετο,
272 3339 322 3400 Ὡς
345 3340 375 3398 δὲ
397 3338 486 3400 ταῦτα’
509 3341 536 3397 οἱ
560 3334 717 3405 ἐπεποίητο,
737 3329 878 3402 διέβαινον
902 3325 1017 3384 κατάῧῡ
