2282 3550
160 169 208 218 242
468 169 649 216 ἨΡΟΔΟΤΟΤ
869 165 959 230 [VIII.

160 249 250 307 ἐθέλει
263 248 327 308 οάδέ
341 248 356 309 ό
371 248 432 312 θεός
445 249 635 327 προσχωρέειν
645 246 716 325 πρός
726 247 776 310 τάς
786 247 927 324 ἀνθρωπηί
937 275 960 312 ις

112 335 279 414 61γνιόμας.
320 341 415 396 Ταῦτα
438 337 569 417 λέγοντος
590 335 822 412 Θεμιστοκλέους,
846 335 923 398 αὖτις
947 337 962 396 ἀ

160 425 309 501 Κορίνθιος
323 423 502 501 Ἀδείμαντος
521 424 680 501 ἐπεφέρετο,
695 427 781 503 σιγᾶν
795 449 826 482 τε
845 423 963 483 κελεύων

159 515 198 590 τῷ
216 512 256 589 μή
277 518 339 573 ἐστι
358 513 458 590 πατρὶς
475 513 521 571 καὶ
538 509 716 590 Εόρυβιάδεα
733 510 783 571 οὐκ
800 516 851 571 ἐῶν
864 517 963 589 ἐπιψη-

160 601 251 676 φίζειν
274 599 361 662 ἀπόλι
380 599 467 678 ἀνδρί·
498 600 583 661 πόλιν
609 599 664 682 γάρ
690 599 741 660 τόν
767 601 963 676 Θεμιστοκλέα

162 689 363 768 παρεχόμενον,
383 687 452 748 οὕτω
471 689 580 748 ἐκέλευε
597 688 708 769 γνιόμας
726 687 961 765 συμβάλλεσθαι·

161 781 249 836 ταῦτα
270 778 301 837 δέ
321 781 347 836 οἱ
367 778 515 854 προέφερε,
536 775 579 836 ὅτι
595 776 743 852 ἡλώκεσάν
758 801 789 835 τε
806 775 852 834 καὶ
873 776 961 836 κατεί·

160 891 246 944 χοντο
262 869 291 926 αἱ
305 865 431 941 Ἀθῆναι.
471 863 535 925 τότε
553 864 586 940 δή
607 864 622 923 ἀ
641 865 849 940 Θεμιστοκλέης
873 863 962 924 κεῖνόν

160 979 191 1012 τε
215 954 262 1013 καὶ
281 953 345 1017 τοῦς
363 953 528 1030 Κορινθίους
546 951 644 1012 πολλά
661 977 692 1012 τε
715 952 760 1010 καὶ
783 951 854 1010 κακοὶ
872 953 960 1032 ἔλεγε·

160 1043 290 1102 ἐωυτοῖσί
303 1068 334 1102 τε
352 1041 452 1116 ἐδήλου
469 1040 546 1122 λόγῳ
563 1040 599 1104 οἷς
616 1041 658 1116 εἴη
677 1040 723 1098 καὶ
743 1039 828 1104 πόλις
855 1041 900 1098 καὶ
923 1044 961 1122 γῆ

160 1130 249 1206 μέζων
262 1129 333 1208 ἤπερ
345 1131 468 1198 κείνοισι,
483 1127 540 1188 ἔστ’
551 1125 585 1188 όν
595 1127 732 1204 διηκόσιαι
747 1129 811 1204 νῆές
824 1134 880 1204 σφι
894 1129 959 1188 ἔωσι

161 1219 385 1296 πεπληρωμέναι·
407 1216 543 1294 οὖδαμοιλς
560 1217 615 1298 γάρ
627 1215 771 1292 Ἑλλήνων
788 1215 887 1280 αότοιλς
904 1221 959 1275 ἐπι-

114 1308 151 1364 62
161 1304 242 1370 όντας
255 1305 493 1384 ἀποκρούσεσθαι.
529 1306 675 1381 Σημαίνων
689 1303 718 1362 δὲ
731 1307 826 1377 ταῦτα,
838 1304 961 1385 τῷλόγῳ

161 1393 283 1469 διέβαινε
291 1401 318 1458 ἐς
327 1393 504 1472 Εὐρυβιάδεα
516 1394 606 1474 λέγων
613 1397 727 1470 μᾶλλον
735 1393 959 1469 ἐπεστραμμένα·

161 1491 179 1516 “
187 1481 224 1541 σι)
236 1487 260 1542 εἶ
268 1482 373 1559 μενέεις
380 1480 473 1552 αὐτοῦ,
483 1482 528 1540 καὶ
538 1481 626 1558 μένων
638 1482 715 1540 ἐσεαι
723 1479 793 1557 ἀνήρ
804 1479 960 1560 ἀγαθός·-

161 1573 185 1628 εἰ
203 1569 232 1628 δὲ
250 1569 298 1646 μή,
313 1569 475 1648 ἀνατρέψεις
487 1569 540 1646 τήν
552 1567 688 1628 Ἑλλάδα·
709 1568 742 1628 τό
756 1573 812 1628 πᾶν
824 1567 878 1649 γάρ
893 1568 961 1644 ήμῖν

159 1661 210 1717 τοῦ
223 1659 351 1735 πολέμου
369 1659 488 1736 φέρουσι
502 1661 531 1716 αῖ
544 1662 615 1733 νήες.
657 1657 723 1716 ἀλλ’
737 1657 798 1733 ἐμοὶ
811 1657 914 1716 πείθεο·
937 1661 961 1716 εἶ

160 1746 290 1806 δὲταῦτα
308 1746 349 1824 μή
365 1746 499 1822 ποιήσεις,
514 1745 593 1823 ήμεῖς
610 1747 670 1822 μέν,
685 1745 720 1808 ιός
734 1746 842 1824 ἔχομεν,
856 1743 960 1804 ἀναλα-

161 1835 262 1910 βόντες
282 1835 347 1899 τοῦς
369 1835 482 1908 οἰκέτας,
506 1833 676 1911 κομιεύμεθα
698 1837 725 1897 ἐς
753 1834 830 1910 Σίριν
856 1831 908 1907 τήν
931 1837 961 1893 ἐν

159 1923 274 2003 Ἰταλίῃ,
288 1923 359 2001 ἥπερ
372 1922 493 2000 ἡμετέρη
506 1923 538 1982 τέ
551 1927 612 1981 ἐστι
626 1927 655 1980 ἐκ
669 1925 792 1980 παλαιοῦ
806 1922 852 1994 ἐτι,
866 1921 911 1978 καὶ
924 1921 961 1980 τά

165 2011 250 2094 λόγια
263 2013 341 2094 λέγει
354 2010 399 2071 ἀπ’
413 2010 505 2087 ήμέων
523 2009 609 2086 αὐτήν
622 2009 692 2069 δέειν
706 2009 861 2083 κτισθῆναι·
883 2007 961 2085 όμεῖς

159 2100 189 2159 δέ
205 2101 361 2179 συμμάχων
377 2099 489 2158 τοιῶνδε
506 2098 692 2175 μουνωθέντες
709 2095 890 2173 μεμνήσεσθε
905 2100 961 2156 τῶν

113 2189 150 2246 63
162 2193 235 2264 ἐμῶν
260 2185 378 2268 λόγων.”
419 2190 513 2246 Ταῦτα
534 2186 563 2245 δὲ
587 2185 794 2262 Θεμιστοκλέος
819 2184 960 2264 λέγοντος,

160 2274 353 2334 ἀνεδιδάσκετο
367 2273 553 2350 Εὐρυβιάδης·
570 2274 673 2334 δοκέειν
687 2273 718 2332 δέ
729 2299 786 2350 μοι,
797 2271 962 2350 ἀρρωδήσας

158 2363 286 2439 μάλιστα
306 2361 371 2424 τοιλς
397 2361 560 2438 Ἀθηναίους
580 2361 784 2431 ἀνεδιδάσκετο,
805 2358 847 2438 μή
868 2367 961 2436 σφεας

160 2449 330 2525 ἀπολίπωσι,
353 2448 387 2527 ήν
407 2449 476 2528 πρδς
493 2449 543 2511 τόν
559 2449 676 2528 Ἰσθμόν
696 2449 787 2532 ἀνάγῃ
810 2448 861 2512 τάς
884 2453 961 2531 νῆας·

159 2538 353 2599 ἀπολιπόντων
372 2538 427 2620 γάρ
447 2536 608 2614 Ἀθηναίων,
631 2537 722 2598 οὐκέτι
742 2538 866 2619 ἐγίνοντο
887 2535 960 2607 ἀξιό-

161 2654 249 2706 μαχοι
269 2631 296 2686 οἶ
315 2627 420 2686 λοιποί·
445 2625 548 2702 ταύτην
568 2627 740 2704 δὲαῖρέεται
763 2625 814 2700 τήν
835 2625 958 2706 γνιόμην,

160 2715 245 2776 αὐτοῦ
257 2717 391 2793 μένοντας
404 2715 623 2794 διαναυμαχέειν.

112 2805 149 2864 64
194 2803 274 2864 Οὕτω
300 2806 351 2880 μὲν
378 2807 405 2862 οἱ
431 2803 494 2879 περὶ
525 2805 672 2879 Σαλαμῖνα
699 2803 779 2862 ἔπεσι
809 2799 960 2878 ἀκροβολι-

161 2893 286 2969 σάμενοι,
302 2892 364 2950 ἐπεί
373 2917 404 2951 τε
417 2889 580 2968 Εὐρυβιάδῃ
594 2891 677 2960 ἔδοξε,
693 2890 777 2950 αὐτοῦ
790 2889 962 2966 παρεσκευά-

160 2981 240 3050 ζοντο
255 2979 289 3042 ὥς
302 2978 538 3057 ναυμαχήσοντες·
559 2978 648 3056 ήμέρη
667 3005 698 3040 τε
715 2979 828 3060 ἐγίνετο,
844 2978 890 3036 καὶ
902 2975 962 3054 ἅμα

158 3069 196 3144 τῷ
214 3066 284 3144 ήλίῳ
301 3065 405 3125 ἀνιόντι
423 3066 542 3142 σεισμός
560 3067 668 3146 ἐγένετο
683 3068 710 3127 ἐν
722 3093 754 3126 τε
766 3093 802 3146 τῃ
814 3070 853 3148 γῇ
867 3065 913 3125 καὶ
926 3069 962 3144 τῇ

162 3151 306 3229 θαλάσσῃ·
334 3153 410 3222 ἔδοξε
426 3153 457 3211 δέ
473 3160 530 3228 σφι
548 3153 683 3222 εὔξασθαι
697 3157 775 3214 τοῖσι
796 3153 895 3224 θεοῖσι,
915 3154 963 3212 καὶ

126 3249 128 3254 ’
162 3239 385 3298 ἐπικαλέσασθαι
398 3238 462 3302 τούς
475 3241 607 3302 Αἰακιδας
617 3241 793 3320 συμμάχους·
809 3241 844 3304 ἀς
861 3241 892 3300 δέ
905 3247 962 3316 σφι

162 3322 245 3390 ἔδοξε,
263 3325 308 3380 καὶ
328 3327 435 3385 ἐποίευν
449 3331 545 3386 ταῦτα·
568 3327 712 3404 εὐξάμενοι
724 3328 779 3409 γάρ
793 3333 867 3388 πᾶσι
885 3333 962 3388 τοῖσι
996 3374 1000 3384 ,
