2276 3554
187 135 218 179 ω
491 136 673 185 Ἧνοιοτοι
927 137 985 199 [νε.

187 213 256 288 δίην,
284 215 401 292 νεώτερα
432 216 558 299 ἔπρησσε
585 217 737 297 πρήγματα
763 215 899 280 συνιστάς
925 218 991 281 τοῦς

187 300 325 378 Ἀρκάδας
348 303 394 362 ε’πὶ
413 308 450 383 τῇ
472 302 595 383 Σπάρτη,
617 303 722 368 ἄλλους
738 331 769 365 τε
786 305 884 382 ὅρκους
900 332 991 382 προσ-

187 389 261 470 άγων
293 399 357 468 σφι,
384 391 403 468 ἦ
429 392 487 469 μὴν
521 394 642 470 ἔψεσθαί
670 400 763 469 σφεας
789 393 862 473 αὐτῷ
888 398 924 473 τῇ
955 393 990 454 ἂν

187 478 328 558 ε’ξηγῆται,
351 480 397 538 καὶ
417 480 451 555 δη
472 482 518 540 καὶ
537 487 564 544 ἐς
581 481 727 558 Νώνακριν
743 481 827 542 πόλιν
845 481 990 559 πρόθυμος

185 565 221 642 ἦν
231 572 286 628 τῶν
294 566 436 645 Ἀρκάδων
449 568 513 632 τούς
522 573 715 646 προεστεῶτας
724 569 846 650 ἀγινέων,
858 571 990 647 ἐξορκοῦν

188 653 221 712 τό
247 655 353 736 Στυγός
378 654 460 733 ὕδωρ.
501 655 543 738 [έν
564 657 593 715 δὲ
613 657 699 734 ταύτῃ
723 661 760 736 τῇ
780 657 850 716 πόλι
874 659 989 739 λέγεται

188 741 257 801 εἶναι
277 742 322 802 ὑπ’
339 743 481 821 Ἀρκάδων
500 745 533 804 τό
555 745 662 826 Στυγός
685 745 778 827 ὕδωρ]
820 746 866 804 καὶ
886 746 920 822 δὴ
943 749 989 806 καὶ

188 831 249 889 ἔστι
264 832 371 891 τοιόνδε
386 858 423 891 τι·
450 832 522 909 ὕδωρ
539 832 637 913 ὀλίγον
654 833 823 910 φαινόμενον
839 839 869 892 έκ
885 835 990 910 πέτρης

188 917 284 989 στάζει
301 924 328 982 ές
343 919 437 1000 ἄγκος·
460 920 493 980 τό
511 920 540 979 δὲ
557 919 643 1000 ἄγκος
659 924 794 998 αἱμασιῆς
810 947 851 984 τις
867 923 989 998 περιθέει

188 1005 298 1070 κύκλος.
328 1007 346 1082 η
361 1007 390 1065 δὲ
401 1007 553 1085 Νώνακρις,
565 1014 594 1068 ἕν
606 1013 642 1088 τῇ
655 1009 673 1083 ἦ
688 1009 765 1090 πηγὴ
777 1008 846 1084 αὔτη
856 1010 989 1090 τυγχάνει

141 1093 178 1154 75
189 1098 284 1165 έοῦσα,
298 1095 381 1158 πόλις
400 1096 461 1154 ε’στὶ
473 1101 523 1172 τῆς
536 1095 684 1173 Ἀρκαδίης
702 1095 771 1173 πρός
784 1101 883 1176 Φενεῷ.
926 1105 988 1156 Μα-

189 1181 284 1246 θόντες
310 1184 340 1243 δὲ
363 1184 577 1261 Λακεδαιμόνιοι
602 1186 764 1262 Κλεομένεα
786 1189 874 1244 ταῦτα
897 1186 989 1264 πρήσ-

188 1297 285 1342 σοντα,
299 1277 422 1352 κατῆγον
435 1272 520 1333 αὐτόν
536 1273 676 1336 δείσαντες
690 1273 736 1332 ε’πὶ
748 1276 826 1334 τοῖσι
839 1275 951 1334 αὐτοῖσι
962 1280 989 1340 ἔς

189 1359 321 1436 Σπάρτην
339 1365 415 1419 τοῖσι
435 1362 481 1419 καὶ
500 1361 636 1439 πρότερον
652 1360 732 1440 ἦρχε.
774 1361 946 1422 κατελθόντα
959 1364 988 1422 δὲ
1120 1409 1121 1446 1

188 1446 273 1508 αὐτόν
286 1447 384 1507 αότίκα
402 1447 531 1526 ὑπέλαβε
544 1451 630 1526 μανίη
648 1453 748 1512 νοῦσος
762 1449 842 1508 ε’όντα
856 1451 904 1508 καὶ
921 1451 988 1528 πρό·
1120 1449 1121 1538 φ

188 1560 269 1612 τερον
284 1535 521 1617 ὑπομαργότερον
543 1537 612 1601 ὅκως
628 1537 684 1618 γάρ
697 1563 749 1616 τεῳ
768 1536 879 1616 ἐντύχοι
895 1541 988 1616 Σπαρ-

129 1677 131 1684 ,
188 1625 311 1699 τιητέων,
333 1626 462 1702 ἐνέχραυε
485 1629 512 1688 ές
534 1625 568 1686 τό
591 1625 744 1704 πρόσωπον
771 1625 804 1686 τό
833 1629 988 1704 σκῆπτρον·

189 1717 319 1772 ποιεῦντα
330 1713 358 1772 δὲ
370 1713 454 1773 αὐτόν
462 1718 550 1774 ταῦτα
561 1715 607 1773 καὶ
617 1714 878 1792 παραφρονήσαντα
886 1715 988 1791 ἔδησαν

190 1803 216 1860 οἱ
232 1801 420 1878 προσήκοντες
442 1807 470 1861 έν
490 1801 573 1882 ξύλῳ·
598 1802 614 1862 ό
635 1803 664 1860 δὲ
685 1802 772 1865 δεθεὶς
787 1801 838 1862 τόν
857 1802 986 1877 φύλακον

188 1891 363 1965 μουνωθέντα
377 1890 440 1950 ἰδών
453 1895 507 1950 τῶν
517 1889 613 1952 ἄλλων
627 1891 700 1950 αἴτεε
712 1890 862 1968 μάχαιραν,
876 1889 908 1949 οὗ
921 1893 987 1967 βου-

189 1980 310 2054 λομένου
327 1979 356 2038 δὲ
370 1979 406 2039 τό
423 1982 519 2056 πρῶτα
536 1983 587 2038 τοῦ
604 1979 734 2054 φυλάκου
748 1979 860 2046 διδόναι,
876 1977 989 2038 ἀπείλεε

187 2065 223 2126 τά
242 2093 290 2144 μιν
311 2065 387 2130 αὖτις
407 2066 544 2143 ποιήσειε·
570 2072 596 2130 ε’ς
617 2066 633 2126 ό
654 2067 748 2129 δείσας
767 2066 818 2128 τός
838 2064 988 2128 α’πειλοὶςό

189 2154 400 2230 φύλακος-ἧν
419 2155 474 2234 γοὶρ
494 2159 549 2214 τῶν
567 2182 608 2218 τις
624 2155 878 2224 εἶλωτέων,-διδοῖ
895 2157 922 2213 οἱ
936 2154 989 2231 μά-

188 2268 298 2320 χαιραν·
314 2245 478 2320 Κλεομένης
495 2243 524 2302 δὲ
541 2243 718 2322 παραλαβών
734 2242 783 2302 τόν
802 2244 927 2321 σίδηρον,
943 2243 989 2320 άρ-

188 2356 255 2408 χετο
269 2335 298 2388 έκ
312 2332 367 2389 τῶν
386 2332 509 2406 κνημέων
528 2331 628 2390 ἑωυτόν
641 2330 819 2407 λωβώμενος·
834 2331 990 2407 ἐπιτάμνων

189 2417 244 2498 γοὶρ
272 2417 342 2478 καταὶ
369 2422 458 2494 μῆκος
484 2418 535 2481 τάς
562 2418 670 2495 σάρκας
693 2418 849 2496 προύβαινε
877 2425 907 2478 ἐκ
934 2425 990 2479 τοῖν

189 2509 312 2582 κνημέων
329 2511 360 2571 ,ές
375 2506 440 2570 τούς
455 2507 569 2583 μηρούς,
587 2513 617 2566 έκ
637 2507 667 2566 δὲ
684 2511 740 2567 τῶν
755 2512 852 2584 μηρῶν
870 2509 897 2571 ές
909 2533 941 2568 τε
954 2508 990 2567 τά

190 2594 270 2672 ἰσχία
283 2595 329 2653 καὶ
342 2593 393 2657 τάς
405 2594 544 2671 λαπάρας
559 2600 586 2657 ές
596 2593 612 2654 ό
623 2600 650 2658 ές
662 2593 715 2670 τὴν
724 2596 851 2676 γαστέρα
864 2594 989 2666 ἀπίκετο,

191 2682 359 2758 καὶταύτην
380 2682 590 2761 καταχορδεύων
610 2682 731 2742 ἀπέθανε
749 2683 843 2764 τρόπῳ
863 2684 989 2764 τοιούτῳ·

189 2769 225 2832 αἷς
237 2773 289 2846 μὲν
303 2773 329 2830 οἱ
342 2771 448 2829 πολλοὶ
462 2771 581 2850 λέγουσι
593 2768 746 2846 Ἑλλήνων,
762 2769 805 2830 ότι
818 2771 869 2847 τὴν
879 2773 991 2849 Πυθίην
1120 2757 1121 2814 δ

188 2857 327 2938 ἀνέγνωσε
345 2858 380 2917 τό
399 2859 462 2936 περὶ
484 2858 654 2934 Δημάρητον
669 2857 806 2938 γενόμενα
827 2862 929 2941 λέγειν·
954 2861 991 2926 ώς

189 2945 218 3004 δὲ
244 2946 387 3022 Ἀθηναῖοι
414 2951 512 3022 μοῦνοι
539 2948 665 3026 λέγουσι,
691 2947 762 3006 διότι
787 2952 814 3010 ές
838 2947 991 3008 Ἐλευσῖνα

189 3034 323 3106 ε’σβαλών
337 3035 421 3110 ἔκειρε
434 3034 466 3094 τό
480 3035 592 3108 τέμενος
601 3039 656 3092 τῶν
667 3036 745 3095 θεῶν·
768 3036 803 3098 ώς
815 3037 845 3094 δὲ
857 3035 990 3115 Ἀργεῖοι,

189 3120 232 3178 ὅτι
252 3123 282 3190 ἐξ
298 3125 358 3199 ἶροῦ
375 3121 466 3181 αὐτῶν
487 3125 537 3180 τοῦ
548 3121 656 3200 ’Ἀργου
674 3122 808 3202 Ἀργείων
826 3123 890 3186 τούς
906 3149 991 3183 κατα-

189 3207 330 3287 φυγόντας
346 3212 376 3266 ε’κ
392 3212 443 3282 τῆς
459 3208 553 3286 μάχης
573 3210 740 3289 καταγινέων
761 3211 921 3276 κατέκοπτε,
943 3213 989 3270 καῖ
1120 3273 1121 3338 η

216 3293 336 3316 ’ἴλη

190 3320 257 3353 αυτο
270 3321 303 3354 το
318 3299 409 3358 ολσος
422 3301 451 3355 έν
466 3295 571 3375 άλογίη
586 3296 654 3372 ἔχων
668 3297 811 3373 ἐνέπρησε.
