2282 3550
173 147 220 196 ιις
477 147 661 211 ιιιυιοιοι
878 147 969 213 [vm.

174 227 382 290 καὶΜακεδνδν
401 229 485 297 ἔθνος,
505 227 536 297 ἐξ
551 215 676 305 Ἐρινεοῦ
692 251 724 286 τε
743 227 788 285 καὶ
808 226 913 286 Πίνδου
927 230 972 288 καὶ

172 321 223 394 τῆς
239 316 395 394 Δρυοπίδος
411 315 519 375 ὕστατα
537 314 712 392 ὁρμηθέντες·
734 319 760 374 οἰ
774 315 803 374 δέ
816 315 973 392 Ἑρμιονέες

174 407 229 464 εἰσὶ
242 403 376 482 Δρύοπες,
390 402 445 463 ύπδ
458 403 613 480 Ἡρακλέος
626 430 656 462 τε
670 403 715 461 καί
735 405 867 480 Μηλιέων
881 409 910 463 ἐκ
923 410 973 481 τῆς

174 499 222 554 νῦν
235 493 358 571 Δωρίδος
372 494 540 569 καλεομένης
553 492 645 571 χώρης
659 491 863 561 ἐξαναστάντες.
894 485 973 552 οὗτοι

129 585 165 642 44
174 583 225 665 μέν
245 607 293 642 νυν
318 581 554 656 Πελοποννησίων
579 578 787 656 ἐστρατεύοντο.
830 584 866 639 Οῖ
890 580 919 639 δέ
944 587 974 640 ἐκ

176 675 224 746 τῆς
238 672 288 741 ἔξω
312 669 437 747 ἠπείρου·
458 669 602 745 Ἀθηναῖοι
626 671 684 745 μέν,
704 667 773 745 πρδς
791 669 895 732 πάντας
910 671 975 734 τούς

176 760 281 823 ἄλλους
307 759 493 838 παρεχόμενοι
516 761 583 834 νῆας
610 757 767 838 ὀγδώκοντα
794 759 839 816 καὶ
867 759 971 834 ἐκατδν,

175 853 283 924 μοῦνοι·
305 853 333 907 ἐν
347 849 486 923 Σαλαμῖνι
503 845 559 927 γάρ
578 845 610 906 ού
629 845 881 924 συνεναυμάχησαν
895 852 975 906 Πλα-

175 937 264 1000 ταιέες
279 936 462 1011 Ἀθηναίοισι,
482 935 527 994 διιί
545 933 651 993 τοιόνδε
670 937 796 1013 πρῆγμα·
825 931 975 994 α’παλλασ-

177 1026 303 1101 σομένων
329 1027 384 1083 τῶν
409 1022 554 1098 Ἑλλήνων
575 1021 631 1080 άπὸ
654 1025 704 1080 τοῦ
727 1020 914 1097 Ἀρτεμισίου,
941 1022 977 1086 ώς

178 1115 301 1194 ἐγίνοντο
319 1111 387 1170 κατά
406 1111 542 1178 Χαλκίδα,
562 1114 588 1168 οἱ
605 1109 764 1172 Πλαταιέες
777 1109 935 1186 ἀποβάντες
948 1116 976 1173 ἐς

177 1202 229 1277 τήν
250 1201 366 1278 περαίην
389 1203 439 1275 τῆς
467 1199 597 1273 Βοιωτίης
621 1197 713 1276 χώρης
735 1196 806 1274 πρδς
830 1198 977 1274 ἐκκομιδὴν

179 1289 330 1366 ἐτράποντο
357 1292 412 1348 τοῖν
438 1288 571 1347 οἰκετέων.
613 1284 689 1345 οὗτοι
715 1287 767 1361 μέν
793 1312 840 1345 νυν
863 1285 977 1349 τούτους

178 1377 312 1449 σώζοντες
325 1377 508 1452 ἐλείφθησαν.
535 1375 678 1450 Ἀθηναῖοι
691 1375 728 1447 δέ,
744 1375 789 1432 ἐπὶ
799 1377 851 1450 μέν
862 1379 976 1434 Πελασ·

178 1470 235 1546 γῶν
262 1464 379 1543 ἐχόντων
405 1464 456 1539 τήν
480 1468 527 1523 νῦν
550 1463 675 1522 Ἐλλάδα
703 1463 880 1538 καλεομένην,
902 1461 977 1538 ἦσαν

179 1553 327 1632 Πελασγοὶ
341 1551 556 1628 οὕνομαζάμενοι
573 1552 707 1627 Κραναοί·
730 1552 775 1608 ἐπὶ
789 1550 818 1609 δέ
832 1551 977 1626 Κέκροπος

178 1641 316 1717 βασιλέος
335 1641 530 1716 ε’πεκλήθησαν
549 1639 729 1716 Κεκροπίδαι·
751 1639 930 1715 ἐκδεξαμένου
947 1639 978 1698 δέ

177 1728 324 1809 Ἐρεχθέος
346 1729 397 1804 τήν
419 1728 516 1806 α’ρχήν,
538 1728 681 1804 Ἀθηναῖοι
707 1727 976 1805 μετωνομάσθησαν·

174 1816 269 1881 Ἴωνος
289 1818 319 1876 δέ
338 1821 388 1876 τοῦ
407 1816 516 1878 Ξούθου
535 1816 715 1894 στρατάρχεω
730 1817 880 1897 γενομένου
894 1814 978 1892 Ἀθη-

133 1909 168 1965 45
180 1906 290 1976 ναίοισι,
305 1905 465 1980 ἐκλήθησαν
479 1905 534 1964 άπὸ
548 1904 647 1963 τούτου
656 1903 757 1967 Ἴωνες.
792 1905 935 1984 Μεγαρέες
947 1904 978 1963 δέ

179 1992 266 2054 τώυτδ
286 1991 424 2070 πλήρωμα
442 1993 609 2072 παρείχοντο
624 1991 658 2052 τά
678 1993 723 2050 καί
742 1991 784 2051 ἐπ’
800 1991 977 2071 Ἀρτεμισίῳ·

182 2081 389 2158 Ἀμπρακιῶται
411 2081 440 2140 δὲ
464 2082 532 2140 ἐπτιί
559 2082 620 2143 νέας
647 2081 756 2159 ἔχοντες
782 2079 978 2156 ἐπεβώθησαν·

181 2169 327 2228 Λευκάδιοι
344 2169 373 2226 δὲ
386 2173 468 2244 τρεῖς·
491 2171 567 2232 ἐθνος
584 2170 672 2231 ἐόντες
691 2166 768 2228 οὗτοι
781 2167 906 2242 Δωρικδν
922 2167 979 2228 α’πδ

135 2262 171 2316 46
182 2258 331 2333 Κορίνθου.
360 2260 528 2332 Νησιωτέων
542 2259 578 2326 δέ,
590 2261 736 2338 Αἰγινῆται
749 2257 896 2334 τριήκοντα
909 2282 979 2333 παρ·

182 2345 299 2424 είχοντο.
340 2343 414 2420 ἦσαν
433 2347 484 2421 μέν
506 2353 561 2420 σφι
586 2347 631 2404 καὶ
655 2345 742 2404 άλλαι
765 2345 981 2420 πεπληρωμέναι

183 2434 247 2496 νέες·
272 2432 348 2492 άλλά
369 2437 437 2512 τῇσι
455 2436 506 2509 μέν
523 2436 574 2509 τήν
592 2438 696 2493 ἐωυτῶν
712 2433 888 2508 ἐφύλασσον,
904 2433 981 2508 τριή-

183 2548 266 2582 κοντα
280 2522 309 2580 δέ
322 2524 389 2600 τῇσι
403 2520 505 2598 άριστα
521 2523 689 2601 πλωούσῃσι
704 2528 732 2580 ἐν
746 2523 885 2596 Σαλαμῖνι
903 2524 981 2578 ε’ναυ-

182 2610 324 2689 μάχησαν.
349 2613 495 2691 Αἰγινῆται
505 2611 536 2669 δέ
545 2616 600 2670 εἰσι
610 2612 727 2686 Δωριέες
736 2609 792 2668 άπδ
802 2607 981 2684 Ἐπιδαύρου·

180 2703 216 2778 τῇ
235 2700 264 2758 δέ
283 2699 358 2777 νήσῳ
375 2697 510 2774 πρότερον
528 2699 633 2776 οὔνομα
650 2698 684 2772 ἦν
703 2698 818 2772 Οἰνώνη.
861 2694 932 2771 μετά
950 2695 983 2754 δέ

182 2785 339 2868 Αἰγινήτας,
369 2787 520 2850 Χαλκιδέες
546 2787 596 2850 τάς
623 2787 664 2846 ἐπ’
691 2785 859 2866 Ἀρτεμισίῳ
891 2785 983 2844 εἰκοσι

181 2874 367 2952 παρεχόμενοι
381 2875 426 2932 καὶ
435 2873 586 2952 Ἐρετριέες
598 2875 648 2937 τὰς
662 2876 739 2934 ἐπτά·
762 2871 838 2933 οὗτοι
851 2874 880 2932 δέ
888 2871 984 2937 Ἴωνές

183 2965 247 3020 εἰσι.
287 2961 359 3037 μετά
375 2962 412 3030 δέ,
429 2965 508 3021 Κεῖοι
523 2964 573 3024 τάς
592 2963 676 3025 ου’τάς
691 2962 886 3040 παρεχόμενοι,
904 2961 983 3024 ἔθνος

183 3047 228 3107 ἐδν
242 3047 364 3107 Ἰωνικόν
380 3047 436 3107 α’πδ
453 3048 600 3124 Ἀθηνέων.
642 3051 744 3120 Νάξιοι
764 3050 794 3108 δέ
814 3051 984 3127 παρείχοντο

181 3135 326 3210 τέσσερας,
340 3134 570 3211 ἀποπεμφθέντες
589 3141 641 3213 μὲν
662 3143 688 3199 ἐς
708 3138 772 3200 τοῖς
793 3137 908 3212 Μήδους
927 3136 984 3196 akr&

181 3224 235 3278 τῶν
245 3222 399 3295 πολιητέων
411 3222 532 3299 κατάπερ
541 3222 630 3282 ὧλλοι
638 3229 780 3300 νησιῶται,
789 3224 985 3305 άλογήσαντες

182 3305 211 3362 δέ
228 3311 283 3363 τάν
302 3309 434 3365 ἐντολέων
450 3307 569 3369 άπίκατο
587 3317 614 3374 ἐς
632 3311 697 3374 τοῖς
710 3311 864 3388 Ἕλληνας,
887 3319 985 3389 Δημο-
