2250 3552
182 147 229 194 310
501 146 673 194 HPOAOPOT
920 147 981 208 [IX.

180 225 276 304 ε’πεῖχέ
290 250 321 283 τε
340 224 386 284 ε’πῖ
403 223 638 302 Λακεδαιμονίους
654 249 685 284 τε
704 225 750 283 καὶ
764 226 902 305 Τεγεήτας
915 231 984 301 μού-

180 339 252 376 νους·
273 311 435 387 Ἀθηναίους
450 312 505 392 γάρ
521 312 711 388 τραπομένους
729 317 755 374 ε’ς
768 312 801 371 τό
815 313 911 373 πεδίον
927 315 983 376 ύπδ

179 405 233 460 τῶν
246 400 337 480 ὄχθων
351 398 383 459 ού
400 400 520 476 κατώρα·
543 402 657 477 Πέρσας
671 401 700 459 δὲ
714 400 838 477 ὁρέοντες
856 400 983 478 ώρμημέ-

182 515 244 552 νους
262 488 367 549 διώκειν
386 487 451 552 τούς
464 488 608 564 Ἕλληνας
621 492 649 548 οἱ
664 489 760 548 λοιποὶ
772 493 827 549 ταῖν
839 491 983 567 βαρβαρι-

182 581 236 637 κῶν
248 577 350 637 τελέων
365 576 508 655 ἄρχοντες,
519 577 617 636 αὐτίκα
626 576 727 640 πάντες
736 576 806 655 ἦραν
815 577 852 637 τά
862 581 981 656 σημήῖα,

180 666 224 724 καὶ
249 665 361 726 ἐδίωκον
384 663 420 727 ώς
440 666 533 725 ποδιῖν
553 665 670 728 ἕκαστος
691 666 775 743 εἶχον,
798 664 861 725 ούτε
885 666 983 748 κόσμῳ

180 753 269 813 ου’δενὶ
287 755 474 830 κοσμηθέντες
492 752 555 812 ούτε
571 753 642 823 τάξι·
665 752 801 813 καὶοῦτοι
814 756 866 830 μὲν
879 756 938 834 βοῇ
951 783 982 816 τε
1032 767 1037 773 ’

180 843 225 900 καὶ
252 842 344 922 ὁμίλῳ
371 842 498 918 ε’πὴϊσαν,
522 840 557 905 ώς
580 840 808 918 ἀναρπασόμενοι
830 841 898 906 τούς.
912 842 982 903 Ἕλ-

179 935 276 1006 ληνας.

132 1020 170 1076 60
220 1020 385 1094 Παυσανίης
408 1018 445 1091 δὲ,
469 1017 504 1081 ok
524 1017 691 1094 προσέκειτο
713 1017 732 1094 ἡ
755 1019 846 1087 ἵππος,
868 1019 981 1097 πέμψας

179 1107 249 1183 πρός
272 1107 337 1170 τούς
363 1106 526 1182 Ἀθηναίους
544 1106 630 1164 ἱππέα
650 1107 728 1187 λέγει
749 1106 823 1166 τάδε·
857 1105 981 1184 ((άνδρες

178 1194 330 1272 Ἀθηναῖοι,
351 1195 457 1276 ἀγῶνος
476 1194 613 1275 μεγίστου
633 1196 814 1271 προκειμένου
833 1197 981 1272 ἐλευθέρην

179 1283 276 1360 εἶναιῆ
290 1285 498 1360 δεδουλωμένην
507 1281 560 1358 τήν
571 1281 706 1353 Ἑλλάδα,
720 1283 912 1360 προδεδόμεθα
925 1285 980 1346 ύπδ

178 1375 233 1430 τῶν
251 1372 409 1451 συμμάχων
426 1363 505 1446 ἡμεῖς
523 1397 554 1430 τε
572 1375 599 1430 οἶ
616 1371 830 1447 Λακεδαιμόνιοι
844 1373 890 1430 καὶ
903 1372 981 1448 ὑμεῖς

179 1462 206 1518 οί
222 1458 374 1535 Ἀθηναῖοι,
388 1459 443 1517 ύπδ
462 1459 513 1534 τήν
531 1461 738 1538 παροιχομένην
756 1458 841 1519 νύκτα
854 1459 980 1538 διαδράν-

177 1572 240 1606 των·
269 1551 317 1606 νῦν
340 1547 377 1606 ὧν
401 1547 525 1606 δέδοκται
545 1547 579 1606 τό
603 1550 726 1608 ἐνθεῦτεν
749 1548 880 1623 ποιητέον
903 1547 979 1626 ἡμῖν·

178 1633 365 1712 ἀμυνομένους
382 1634 437 1715 γάρ
453 1640 488 1714 τῇ
506 1634 646 1711 δυνάμεθα
662 1633 765 1712 ἀριστα
779 1637 977 1713 περιστέλλειν

178 1722 331 1800 ἀλλήλους·
362 1727 385 1783 εἰ
405 1724 457 1800 μέν
478 1749 525 1783 νυν
548 1728 574 1786 ἐς
602 1722 687 1799 ύμέας
712 1722 825 1800 ὥρμησε
850 1724 939 1803 ἀρχήν
960 1725 979 1802 ἡ

179 1812 271 1882 ἵππος,
287 1815 360 1890 χρὴν
378 1811 407 1871 δὲ
427 1811 515 1888 ἡμέας
531 1837 563 1870 τε
583 1811 629 1870 καὶ
648 1811 712 1875 τούς
732 1810 792 1888 μετ’
813 1811 905 1888 ἡμέων
925 1812 978 1890 τήν

177 1900 303 1959 Ἑλλάδα
327 1899 359 1960 ού
381 1899 561 1977 προδιδόντας
587 1899 725 1980 Τεγεήτας
751 1900 884 1975 βοηθέειν
903 1899 979 1976 ύμῖν·

178 1993 227 2048 νῦν
244 1989 281 2059 δὲ,
296 1993 323 2052 ές
341 1987 429 2065 ἡμέας
443 1987 498 2068 γάρ
515 1987 614 2046 ἅπασα
631 1988 778 2066 κεχώρηκε,
798 1988 902 2047 δίκαιοί
914 1993 980 2048 ε’στε

181 2076 255 2152 ἡμεῖς
275 2077 345 2154 πρός
364 2077 416 2154 τήν
435 2076 599 2152 πιεζομένην
624 2075 752 2151 μάλιστα
778 2079 833 2136 ταῖν
860 2079 979 2154 μοιρέων

178 2164 340 2241 ἀμυνέοντες
362 2167 437 2225 ἶέναι.
480 2169 504 2223 εἰ
525 2163 548 2222 δ’
570 2162 624 2240 ἄρα
640 2161 739 2226 αύτούς
758 2157 844 2240 ύμέας
863 2169 980 2224 καταλε-

177 2252 288 2329 λάβηκε
311 2252 445 2313 ἀδύνατόν
467 2279 494 2312 τι
515 2253 654 2328 βοηθέειν,
678 2250 756 2327 ύμεῐς
778 2251 801 2310 δ’
823 2251 891 2328 ἡμῖν
913 2252 979 2317 τούς

176 2340 291 2409 τοξότας
304 2339 519 2418 ἀποπέμψαντες
532 2340 614 2418 χάριν
632 2340 726 2399 θέσθε.
768 2339 935 2416 συνοίδαμεν
948 2341 979 2400 δὲ

176 2427 240 2504 ύμῖν
252 2427 307 2488 ύπδ
321 2427 369 2487 τδν
383 2427 521 2505 παρεόντα
541 2428 620 2487 τόνδε
634 2427 760 2504 πόλεμον
775 2432 853 2488 εὀῦσι
866 2427 978 2488 πολλόν

131 2518 163 2574 61
175 2513 422 2592 προθυμοτάτοισι,
437 2514 510 2574 ὥστε
525 2517 569 2573 καὶ
579 2519 667 2574 ταῦτα
681 2515 853 2576 ε’σακούειν.”
884 2520 976 2576 Ταῦτα

176 2607 202 2662 οἱ
215 2603 358 2680 Ἀθηναῖοι
373 2603 407 2667 ώς
421 2602 565 2673 ἐπύθοντο,
582 2603 708 2680 ώρμέατο
724 2605 865 2681 βοηθέειν,
881 2605 926 2663 καὶ
942 2605 977 2664 τά

174 2692 302 2769 μάλιστα
319 2691 476 2769 ἐπαμύνειν·
506 2693 555 2751 καί
568 2699 623 2766 σφι
645 2691 699 2769 ἤδη
723 2693 871 2772 στείχουσι
892 2693 977 2752 έπιτί·

176 2780 268 2840 θενται
288 2783 315 2840 οἶ
334 2780 545 2860 ἀντιταχθέντες
560 2779 704 2856 Ἑλλήνων
725 2785 781 2841 τῶν
801 2781 872 2858 μετά
891 2783 977 2855 βασι·

174 2870 239 2932 λέος
258 2870 420 2950 γενομένων,
441 2869 514 2929 ὥστε
534 2870 635 2945 μηκέτι
657 2869 793 2930 δύνασθαι
820 2871 977 2946 βοηθήσω·

176 2957 209 3015 τό
225 2957 281 3036 γάρ
296 2957 498 3034 προσκείμενόν
516 2964 609 3032 σφεας
626 2958 735 3018 ε’λύπεε.
778 2957 850 3016 οὕτω
863 2955 978 3034 δήμου-

175 3045 304 3107 νωθέντες
326 3044 540 3120 Λακεδαιμόνιοι
564 3046 610 3102 καὶ
633 3050 776 3124 Τεγεῆται,
805 3045 895 3109 ε’άντες
922 3044 979 3105 σύν

176 3135 288 3206 ψιλοῖσι
304 3132 422 3208 ἀριθμόν
436 3135 462 3190 οἱ
475 3134 526 3207 μὲν
539 3133 777 3210 πεντακισμύριοι,
792 3137 928 3214 Τεγεῆται
947 3133 978 3192 δὲ

174 3220 338 3297 τρισχίλιοι·
360 3217 503 3299 αὗταιγὰρ
523 3219 630 3296 οὐδαμά
644 3219 831 3300 ἀπεσχίζοντο
850 3221 906 3281 ἀπά
918 3227 977 3280 Λα-

176 3305 361 3382 κεδαιμονίων·
386 3305 646 3386 ἐσφαγιάζοντοώς
664 3308 878 3385 συμβαλέοντες
896 3315 977 3386 Μαρ-
