2282 3550
164 131 210 180 τοι
470 131 652 181 Ἣνοιοτοτ
885 127 961 194 [vu

163 216 262 285 σφεας,
289 213 372 270 τοῦτο
399 210 631 287 προεφυλάξαντο
658 211 685 268 οἶ
710 211 825 272 Φωκέες·
861 210 907 270 καὶ
929 210 962 270 τό

162 297 234 375 ὕδωρ
253 298 286 358 τδ
308 298 410 376 θερμὸν
425 297 490 358 τότε
510 303 615 374 ἐπῆκαν
633 299 679 357 ἐπὶ
696 296 748 374 τήν
761 297 868 368 ἔσοδον,
882 295 918 362 ὥς
930 296 965 358 ἂν

163 386 353 465 χαραδρωθείη
374 386 390 447 ό
410 390 510 466 χῶρος·
530 390 588 446 πᾶν
607 385 815 465 μηχανειύμενοι
835 384 904 449 ὅκως
923 386 965 463 μή

164 481 220 550 σφι
234 474 387 550 ἐσβάλοιεν
401 478 427 534 οἱ
437 475 585 535 Θεσσαλοὶ
599 475 645 534 ἐπὶ
658 474 709 550 την
722 473 825 552 χάρην·
866 472 898 534 τό
912 474 967 550 μέν

163 589 211 622 νυν
227 567 319 642 τεῖχος
336 562 369 623 τό
386 562 504 642 ἀρχαῖον
520 567 550 622 ἐκ
569 565 693 622 παλαιοῦ
712 588 743 621 τε
764 561 904 639 ἐδέδμητο,
918 563 967 620 καὶ

164 649 197 711 τό
217 651 305 711 πλέον
326 649 411 711 αύτοῦ
430 649 484 728 ἤδη
507 650 562 712 ύπδ
583 651 686 729 χρόνου
706 651 802 710 ἔκειτο·
830 653 905 709 τοῖσι
927 649 965 723 δὲ,

165 738 242 802 αὖτις
268 737 424 816 όρθιύσασι,
446 739 522 810 ἔδοξε
548 739 634 818 ταύτῃ
661 737 816 814 ἀπαμύνειν
839 737 895 796 άτδ
915 741 968 814 τῆς

164 826 304 892 Ἑλλάδος
322 827 372 887 τόν
391 826 551 906 βάρβαρον.
593 827 671 904 κύμη
692 826 723 885 δέ
742 831 804 886 ἐστι
819 825 968 907 ἀγχοτάτω

165 919 216 991 τῆς
228 915 303 987 όδοῦ,
316 915 454 992 Ἀλπηνοὶ
472 914 585 993 οὔνομα·
608 920 637 974 ἐκ
655 914 757 990 ταύτης
777 915 807 974 δέ
823 917 967 974 ἐπισιτιεῖ-

167 1005 236 1064 σθαι
250 1004 409 1085 ἐλογίζοντο
423 1003 605 1080 οἶἝλληνες.

121 1094 177 1152 177
222 1095 259 1152 Οἱ
270 1095 323 1169 μέν
336 1117 384 1153 νυν
392 1096 479 1172 χῶροι
493 1089 570 1151 οὗτοι
582 1095 659 1152 τοῖσι
666 1090 794 1167 Ἕλλησι
808 1089 876 1149 εἶναι
886 1090 968 1160 ἐφαί-

167 1207 247 1241 νοντο
274 1180 421 1256 ἐπιτήδεοι·
448 1178 557 1240 ἅπαντα
582 1179 637 1260 γὰρ
662 1177 897 1256 προσκεψάμενοι,
920 1178 968 1236 καὶ

167 1269 393 1351 ἐπιλογισθέντες
413 1267 456 1328 ὅτι
473 1267 537 1327 οὔτε
556 1266 659 1345 πλήθει
680 1267 774 1336 ἕξουσι
793 1266 919 1345 χρᾶσθαι
940 1269 968 1326 οἱ

167 1355 313 1434 βάρβαροι
329 1355 392 1416 ούτε
410 1356 492 1436 ἵππῳ,
509 1355 596 1435 ταύτῃ
611 1361 668 1431 σφι
684 1355 759 1424 ἔδοξε
774 1354 903 1414 δέκεσθαι
916 1353 968 1413 τόν

167 1443 281 1504 ἐπιόντα
297 1445 343 1504 ἐπὶ
358 1444 410 1520 τὴν
422 1444 557 1504 Ἑλλάδα·
585 1443 621 1508 ὥς
636 1444 666 1502 δέ
682 1442 816 1504 ἐπύθοντο
830 1442 880 1502 τόν
893 1443 966 1520 Πέρ-

167 1558 222 1609 σην
244 1531 323 1592 ἐόντα
344 1537 374 1592 ἐν
395 1534 504 1611 Πιερίῃ,
521 1533 695 1594 διαλυθέντες
716 1536 746 1590 ἐκ
767 1535 818 1590 τοῦ
839 1531 966 1607 Ἰσθμοῦ,

169 1618 367 1698 ἐστρατεύοντο
392 1618 481 1680 αύτῶν
505 1623 532 1680 οἱ
554 1623 605 1698 μὲν
630 1625 657 1683 ἐς
677 1618 861 1696 Θερμοπύλας
887 1619 965 1696 πεζῇ,

168 1707 253 1768 άλλοι
267 1708 296 1768 δέ
309 1734 378 1769 κατα
393 1709 545 1769 θάλασσαν
561 1708 602 1768 ἐπ’
615 1708 803 1785 Ἀρτεμίσιον.

122 1797 180 1858 178
223 1801 259 1858 Οἶ
278 1799 330 1874 μέν
350 1797 383 1874 δὴ
399 1797 538 1873 Ἕλληνες
558 1797 629 1856 κατά
648 1796 733 1875 τάχος
754 1793 889 1872 ἐβοήθεον
911 1791 969 1852 δια-

167 1887 325 1966 ταχθέντες.
368 1887 479 1962 Δελφοὶ
493 1885 515 1946 δ’
530 1890 558 1944 ἐν
570 1885 658 1965 τούτῳ
676 1887 714 1963 τῷ
726 1883 817 1963 χρόνῳ
831 1888 968 1962 ἐχρηστη-

167 1976 295 2051 ριάζοντο
319 1979 357 2056 τῷ
380 1976 440 2054 θεῷ,
464 1974 533 2052 ύπέρ
561 1977 665 2033 ἑωυτῶν
689 1973 736 2032 καὶ
756 1977 807 2048 τῆς
828 1971 970 2035 Ἑλλάδος

167 2064 415 2142 καταρρωδηκότες·
444 2065 492 2122 καί
513 2070 569 2140 σφι
592 2062 719 2141 ἐχρήσθη
742 2059 870 2137 α’νέμοισι
893 2059 968 2140 εὔχε-

168 2153 247 2212 σθαι·
275 2151 416 2233 μεγάλους
439 2150 495 2233 γάρ
515 2149 629 2212 τούτους
652 2150 769 2210 ἔσεσθαι
792 2174 827 2227 τη
849 2146 970 2208 Ἐλλάδι

168 2240 344 2320 συμμάχους.
386 2241 497 2316 Δελφοὶ
531 2239 560 2298 δέ
594 2237 737 2314 δεξάμενοι
765 2235 798 2297 τδ
824 2235 968 2312 μαντὴἳον,

168 2332 265 2405 πρῶτα
277 2331 336 2405 μέν,
349 2327 494 2404 Ἑλλήνων
506 2331 582 2388 τοῖσι
592 2327 797 2404 βουλομένοισι
811 2323 880 2384 εἶναι
893 2328 970 2383 ἐλευ-

170 2417 279 2494 θέροισι
290 2416 455 2499 ἐξήγγειλαν
467 2416 503 2476 τά
516 2417 677 2496 χρησθέντα
690 2413 812 2474 αύτοῖσι·
854 2412 902 2470 καί
913 2418 971 2488 σφι

170 2504 262 2568 δεινῶς
279 2503 501 2582 καταρρωδέουσι
518 2503 568 2564 τόν
582 2503 734 2580 βάρβαρον
750 2502 970 2582 ἐξαγγείλαντες,

168 2593 251 2672 χάριν
261 2591 399 2653 ἀθάνατον
412 2594 567 2653 κατέθεντο·
588 2591 659 2669 μετὰ
673 2591 703 2650 δέ
712 2594 807 2663 ταῦτα,
821 2591 848 2648 οἱ
858 2589 972 2664 Δελφοὶ

168 2684 245 2741 τοῖσι
266 2682 396 2758 ἀνέμοισι
416 2680 515 2757 βωμόν
532 2705 564 2739 τε
583 2678 719 2748 ἀπέδεξαν
738 2683 766 2738 ἐν
782 2677 860 2755 Θυίῃ,
881 2679 972 2754 τῇπερ

169 2773 219 2844 τῆς
238 2773 373 2846 Κηφισοῦ
392 2767 528 2850 θυγατρός
546 2768 630 2843 Θυίης
648 2765 680 2826 τδ
701 2765 814 2844 τέμενός
836 2769 906 2833 ἐστι,
929 2761 971 2823 ἐπ’

168 2854 202 2932 ἦς
221 2858 267 2916 καὶ
285 2857 300 2918 ὁ
320 2861 411 2937 χῶρος
429 2853 509 2920 οὗτος
526 2854 578 2930 την
597 2855 752 2931 ἐπωνυμίην
772 2854 838 2932 ἔχει·
860 2853 906 2911 καὶ
926 2853 971 2912 θυ-

169 2945 255 3021 σίῃσί
275 2951 367 3021 σφεας
386 2944 533 3021 μετήϊσαν.
576 2943 687 3018 Δελφοὶ
711 2945 763 3020 μὲν
783 2939 817 3016 δν)
844 2940 916 2999 κατά
938 2939 973 3001 τό

170 3032 342 3111 χρηστήριον
356 3034 396 3092 ἐτι
409 3032 455 3090 καὶ
468 3035 517 3091 νῦν
529 3030 593 3092 τούς
606 3028 723 3106 άνέμους
737 3028 912 3090 ἱλάσκονται.

125 3121 180 3178 179
223 3119 257 3177 ‘0
276 3120 306 3178 δέ
321 3119 448 3182 ναυτικὸς
465 3119 574 3197 Ξέρξεω
592 3119 722 3198 στρατός,
744 3116 922 3196 ὁρμειύμενος
944 3124 975 3180 ἐκ

170 3209 281 3283 Θέρμης
292 3207 400 3277 πόλιος,
414 3209 564 3284 παρέβαλε
577 3210 660 3286 νηυσὶ
672 3213 741 3290 τῇσι
754 3207 858 3288 άριστα
870 3209 975 3270 πλεού-

170 3319 242 3370 σῃσι
255 3294 321 3352 δέκα
335 3295 378 3354 ἰθύ
390 3295 520 3359 Σκιάθου·
542 3299 607 3358 ἔνθα
620 3297 695 3374 ἦσαν
708 3298 976 3375 προφυλάσσουσαι
