2276 3554
153 107 199 153 144
461 107 643 155 ἨΡΟΔΟΤΟΤ
829 159 830 162 Ἴ
876 107 949 172 [VII.

151 183 279 265 γνάμησι
299 184 447 264 τοιαύτῃσι
468 186 573 248 ἀλλους
596 185 778 263 συμβούλους
801 187 876 266 εἶχον
897 216 950 248 τοι·

152 272 255 342 ούτους,
271 271 320 332 ούκ
335 271 369 333 ἀν
383 301 446 334 κοτε
461 273 528 336 εἶδες
542 273 612 334 αὐτά
630 279 656 336 ἔς
669 279 752 334 τοῦτο
766 277 951 351 προελθόντα·

151 367 200 422 νῦν
213 362 242 421 δὲ
256 361 395 425 κινδύνους
408 363 635 441 ἀναρριπτέοντες
650 367 676 425 ἔς
689 363 773 424 τοῦτό
790 371 867 439 σφεα
884 391 952 441 προ-

150 451 303 532 ηγάγοντο·
330 450 443 531 μεγάλα
466 451 520 532 γάρ
545 450 697 532 πρήγματα
720 452 872 532 μεγάλοισι
897 479 950 513 κιν-

151 539 257 598 δύνοισι
281 536 370 599 ἐθέλει
393 541 596 616 καταιρέεσθαι·
618 539 697 616 ἡμεῖς
719 540 819 614 τοίνυν,
844 539 960 616 ὁμοιεύ,

149 654 227 704 μενοι
249 629 371 698 κείνοισι,
388 628 459 706 ὤρην
472 655 503 688 τε
516 633 565 688 τοῦ
581 630 653 691 ἔτεος
675 629 832 703 καλλίστην
852 656 950 706 πορευ-

150 715 246 792 όμεθα,
270 717 315 776 καὶ
341 717 599 795 καταστρεψάμενοι
622 722 718 776 πᾶσαν
741 715 792 792 τὴν
813 715 951 793 Εὐρώπην

149 805 327 881 νοστήσομεν
346 805 445 874 ὀπίσω,
461 804 524 864 οὔτε
545 809 618 883 λιμῷ
639 805 797 884 ἐντυχόντες
815 803 949 880 οὐδαμόθι

148 891 211 952 οὔτε
233 893 306 952 ἄλλο
332 891 416 971 ἀχαρι
439 893 574 956 παθόντες
598 893 686 954 οὐδέν·
714 897 797 952 τοῦτο
820 895 871 970 μὲν
893 892 948 973 γάρ

147 979 225 1041 αὐτοὶ
239 981 352 1057 πολλὴν
367 981 482 1059 φορβὴν
497 981 647 1058 φερόμενοι
660 980 843 1058 πορευόμεθα·
864 985 947 1043 τοῦτο

146 1070 183 1139 δὲ,
199 1076 253 1130 τῶν
267 1069 299 1130 ἅν
314 1096 363 1130 κου
382 1072 538 1148 ἐπιβέωμεν
550 1075 604 1151 γῆν
618 1071 664 1129 καὶ
678 1071 762 1141 ἔθνος,
777 1069 878 1130 τούτων
898 1070 947 1131 τάν

146 1163 227 1220 σῖτον
242 1160 348 1236 ἕξομεν·
371 1157 412 1218 ἐπ’
426 1158 564 1237 ἀροτῆρας
578 1159 607 1217 δὲ
621 1158 667 1217 καὶ
681 1157 713 1218 ού
729 1158 848 1236 νομάδας
862 1186 944 1236 στρα-

97 1249 133 1305 51
147 1247 283 1324 τευόμεθα
305 1247 429 1326 άνδρας.”
470 1249 554 1330 Λέγει
566 1246 742 1324 Ἀρτάβανος
760 1246 830 1324 μετά
848 1253 945 1308 ταῦτα·

145 1335 194 1394 “ὦ
209 1338 343 1412 βασιλεῦ,
360 1336 422 1395 ε’πεί
440 1363 470 1395 τε
491 1335 636 1413 ἀρρωδέειν
655 1335 734 1396 οὐδέν
753 1341 799 1415 έᾴς
818 1341 943 1418 πρῆγμα,

144 1423 181 1482 σύ
202 1425 233 1483 δέ
253 1449 304 1500 μευ
324 1425 505 1501 συμβουλίην
519 1425 632 1493 ἔνδεξαι·
654 1423 807 1506 ἀναγκαίως
819 1424 874 1505 γάρ
889 1427 944 1504 έχει

144 1513 207 1588 περὶ
234 1517 350 1572 πολλῶν
376 1513 546 1594 πρηγμάτων
569 1515 677 1572 πλεῦνα
704 1511 791 1593 λόγον
818 1517 942 1574 ε’κτεῖναι.

144 1605 237 1676 Κῦρος
252 1600 267 1660 ἀ
279 1600 444 1677 Καμβύσεω
457 1599 563 1677 Ἰωνίην
576 1605 681 1670 πεῖσαν,
692 1599 768 1676 πλην
781 1600 942 1677 Ἀθηναίων,

143 1691 352 1767 κατεστρέψατο
376 1689 560 1767 δασμοφόρον
579 1689 648 1749 εἶναι
666 1690 808 1768 Πέρσησι·
829 1689 942 1756 τούτούς

143 1777 180 1838 ὧν
203 1777 268 1842 τούς
290 1777 390 1856 ἀνδρας
411 1778 598 1854 συμβουλεύω
621 1803 666 1837 τοι
687 1779 809 1856 μηδεμιῇ
829 1784 942 1858 μηχανῇ

141 1863 219 1946 ἀγειν
240 1867 285 1926 ε’πὶ
306 1865 370 1929 τούς
392 1867 521 1942 πατέρας·
544 1867 589 1924 καὶ
607 1865 662 1947 γάρ
681 1863 746 1936 ἀνευ
766 1865 869 1925 τούτων
888 1867 942 1927 οἶοί

140 1981 171 2014 τε
192 1959 266 2033 εἰμὲν
285 1959 339 2018 τῶν
360 1956 466 2034 ε’χθρῶν
487 1956 683 2032 κατυπέρτεροι
697 1955 834 2034 γίνεσθαι·
856 1953 940 2036 ἢγάρ

141 2049 240 2120 σφεας,
254 2042 288 2120 ἢν
310 2045 433 2118 ἕπωνται,
451 2043 493 2102 δεῖ
507 2042 690 2106 ἀδικωτάτους
710 2043 837 2124 γίνεσθαι
859 2069 940 2102 κατα-

140 2131 339 2208 δουλουμένους
359 2131 411 2207 τήν
429 2130 611 2207 μητρόπολιν,
629 2129 648 2206 ἢ
669 2129 857 2193 δικαιοτάτους
876 2151 940 2192 συν-

140 2221 360 2296 ελευθεροῦντας.
399 2219 561 2279 ἀδικώτατοι
575 2221 626 2296 μέν
636 2245 687 2290 νυν
699 2218 847 2300 γινόμενοι,
863 2219 939 2280 οὐδὲν

139 2307 234 2383 κέρδος
246 2310 319 2388 μέγα
332 2307 401 2384 ἡμῖν
414 2307 648 2384 προσβάλλουσι·
670 2306 838 2366 δικαιότατοι
851 2307 881 2366 δὲ
898 2336 939 2389 γι-

138 2394 256 2470 νόμενοι,
273 2395 371 2455 οἷοίτε
384 2395 565 2472 δηλήσασθαι
578 2395 707 2478 μεγάλως
720 2393 771 2470 την
785 2395 840 2471 σήν
854 2422 937 2472 στραι

137 2481 199 2557 τιὴν
216 2485 346 2565 γίνονται.
390 2489 417 2546 ές
433 2483 520 2560 θυμδν
539 2483 576 2544 ὦν
595 2485 687 2558 βαλεῦ
709 2484 754 2540 καὶ
767 2481 800 2543 τό
813 2484 937 2544 παλαιόν

138 2573 202 2634 ἔπος
216 2571 251 2634 οἷς
265 2571 294 2630 εὖ
309 2571 464 2649 εἴρηται,τὸ
479 2571 519 2647 μη
533 2571 591 2648 ἅμα
605 2569 680 2650 ἀρχῇ
692 2575 749 2630 πᾶν
761 2573 843 2636 τέλος
857 2599 938 2632 κατα-

88 2662 127 2717 52
139 2657 315 2734 φαίνεσθαι.”
356 2659 519 2737 Ἀμείβεται
532 2659 602 2736 πρδς
615 2664 702 2719 ταῦτα
712 2661 827 2736 Ξέρξης·
849 2660 937 2739 “Ἀρι

135 2748 250 2824 τάβανε,
278 2753 333 2809 ταῖν
360 2748 507 2826 ἀπεφήναο
537 2749 669 2829 γνωμέων
693 2748 840 2824 σφάλλεαι
868 2751 937 2810 κατά

134 2835 289 2913 ταύτηνδή
308 2837 442 2914 μάλιστα,
460 2835 490 2899 ἀς
506 2835 603 2898 Ἴωνας
624 2836 731 2912 φοβέαι
751 2835 791 2912 μη
812 2839 936 2914 μεταβά-

134 2927 217 2983 λωσι·
238 2930 294 2985 τῶν,
313 2926 413 3003 ἔχομεν
433 2929 529 3004 γνῶμα
545 2925 689 3005 μέγιστον,
703 2929 758 2984 τῶν
771 2925 808 2983 σύ
821 2951 852 2984 τε
865 2919 936 3003 μάρ-

134 3037 182 3074 τυς
203 3014 291 3093 γίνεαι
313 3013 358 3070 καὶ
381 3015 407 3070 οἱ
428 3011 705 3089 συστρατευσάμενοι
723 3013 830 3092 Δαρείῳ
851 3012 938 3074 ἄλλοι

135 3100 180 3157 ε’πὶ
194 3099 309 3172 Σκύθας,
327 3099 369 3158 ὅτι
383 3100 428 3158 ἐπὶ
442 3098 566 3158 τούτοισι
579 3099 597 3175 ἦ
611 3104 692 3160 πᾶσα
707 3101 835 3178 Περσικὴ
850 3127 936 3178 στρα-

133 3187 179 3261 τιή
192 3187 306 3266 ἐγένετο,
318 3187 478 3263 διαφθεῖραι
493 3187 539 3245 καὶ
552 3192 744 3265 περιποιῆσαι·
766 3193 793 3248 οἱ
807 3189 836 3247 δὲ
850 3190 936 3248 δικαι-

134 3274 237 3345 οσύνην
260 3274 306 3331 καὶ
329 3272 486 3347 πιστότητα
511 3275 651 3346 ἐνέδωκαν,
675 3275 765 3356 ἄχαρι
788 3277 817 3336 δὲ
845 3276 934 3338 οὐδέν·
