2282 3550
155 159 301 224 ιιι-τοι]
470 159 657 210 nummum.
913 157 959 206 τοι

156 243 320 302 δικαστέων·
347 239 363 300 ά
385 239 530 317 Σανδώκης
551 241 597 298 ἐπὶ
617 238 747 319 χρήμασι
769 236 865 298 ἄδικον
885 237 963 313 δίκην

157 330 279 390 ἐδίκασε·
302 328 560 406 α’νακρεμασθέντος
578 327 615 388 ὧν
635 327 729 397 αὐτοῦ,
749 325 929 408 λογιζόμενος
946 325 962 385 ό

158 423 277 495 Δαρεῖος
296 415 360 494 εὗρέ
375 420 402 476 οἱ
418 418 496 476 πλέω
512 416 606 498 α’γαθά
624 420 679 476 τῶν
695 415 900 493 ἁμαρτημάτων
915 440 962 473 πε-

157 507 296 583 ποιημένα
311 511 338 569 ἐς
353 506 428 565 οἶκον
446 505 496 565 τόν
511 504 677 582 βασιλήϊον·
700 503 786 581 εέρών
799 504 828 562 δέ
846 508 929 563 τοῦτο
947 502 963 562 ὁ

159 599 286 671 Δαρεῖος,
302 596 347 653 καὶ
366 593 450 676 γνούς
468 593 503 658 ώς
520 593 660 672 ταχύτερα
677 592 761 656 αὐτός
779 591 797 668 ἢ
814 591 964 668 σοφώτερα

159 684 332 764 ἐργασμένος
359 683 408 758 εἴη,
431 684 523 742 ἔλυσε.
566 683 693 758 βασιλέα
716 684 767 758 μὲν
788 681 821 756 δὴ
843 685 964 757 Δαρεῖον

159 771 229 831 οὕτω
251 771 395 852 διαφυγών
414 770 454 847 μὴ
476 770 644 840 ἀπολέσθαι,
665 773 772 847 περιῆν·
800 769 864 828 τότε
888 769 918 827 δὲ
938 774 966 832 ἐς

158 859 222 923 τούς
237 859 383 935 Ἕλληνας
400 860 597 928 καταπλώσας,
616 860 717 935 ἔμελλε
735 857 768 918 οὐ
788 857 821 917 τό
840 857 965 934 δεύτερον

160 947 304 1030 διαφυγών
315 949 441 1008 ἔσεσθαι·
457 947 492 1011 ώς
501 947 556 1029 γάρ
566 953 659 1023 σφεας
670 947 742 1006 εἶδον
752 946 966 1023 προσπλέοντας

161 1035 350 1112 οἱἙλληνες,
371 1035 508 1112 μαθόντες
528 1034 618 1095 αὐτῶν
638 1035 690 1112 την
710 1034 858 1115 γινομένην
878 1033 965 1111 άμαρ-

160 1124 239 1195 πόδα,
269 1125 478 1202 ἐπαναχθέντες,
500 1123 631 1187 εὐπετέως
659 1125 751 1199 σφέας
773 1122 857 1182 εἶλον.
899 1123 1013 1182 Ἑν195

161 1215 280 1273 τουτέων
300 1217 352 1292 μιῇ
371 1212 515 1291 Ἀρίδωλις
535 1213 628 1272 πλέων
648 1211 717 1287 ἥλω,
731 1211 862 1288 τύραννος
882 1210 966 1270 Ἀλα-

161 1301 274 1378 βάνδων
300 1307 355 1360 τῶν
382 1306 410 1360 ἐν
438 1303 539 1380 Καρίῃ·
576 1306 604 1360 ἐν
634 1301 712 1380 ἐτέρῃ
740 1299 778 1369 δέ,
809 1299 825 1359 ό
853 1299 966 1376 Πάφιος

163 1391 322 1471 στρατηγός
341 1389 488 1452 Πενθύλος
502 1389 517 1448 ὁ
533 1388 689 1466 Δημονόου,
706 1389 737 1452 ὃς
757 1387 809 1469 ἦγε
829 1391 881 1465 μὲν
902 1388 965 1448 δυώ-

163 1478 229 1537 δεκα
257 1483 324 1554 νῆας
352 1483 382 1536 ἐκ
410 1478 523 1554 Πάφου,
552 1477 709 1553 ἀποβαλών
737 1477 768 1536 δέ
794 1484 890 1552 σφεων
917 1476 967 1539 τάς

165 1566 260 1625 ἕνδεκα
273 1571 311 1644 τῷ
326 1570 440 1644 χειμῶνι
457 1570 496 1644 τῷ
515 1568 653 1646 γενομένῳ
674 1565 744 1626 κατα
766 1565 902 1640 Σηπιάδα,
915 1569 967 1644 μιῇ

163 1659 200 1733 τῇ
220 1655 419 1735 περιγενομένῃ
444 1655 605 1713 καταπλέων
631 1653 672 1712 ἐπ’
692 1653 871 1730 Ἀρτεμίσιον
898 1653 967 1726 ἥλω.

164 1741 279 1805 τούτους
300 1745 326 1800 οἱ
341 1741 488 1816 Ἕλληνες,
505 1741 735 1818 ἐξιστορήσαντες
755 1740 791 1800 τὰ
812 1741 967 1817 ἐβούλοντο

165 1831 307 1891 πυθέσθαι
333 1829 389 1889 άπό
409 1834 459 1906 τῆς
480 1831 587 1906 Ξέρξεω
608 1834 750 1907 στρατιῆς,
768 1830 969 1908 ἀποπέμπουσι

166 1920 326 1997 δεδεμένους
339 1924 366 1982 ἐς
378 1919 428 1978 τόν
439 1919 592 1994 Κορινθίων
604 1917 729 1994 Ἰσθμόν.

206 2008 241 2066 Ὁ
263 2011 315 2084 μὲν
335 2007 368 2084 δὴ
389 2007 515 2070 ναυτικὸς
536 2006 551 2066 ὁ
571 2005 798 2083 τῶνβαρβάρων
819 2007 946 2082 στρατός,
959 2009 1015 2066 196

166 2097 258 2174 πάρεξ
276 2101 330 2156 τῶν
350 2095 544 2154 πεντεκαίδεκα
564 2100 631 2154 νεῶν
651 2099 706 2154 τῶν
727 2095 805 2154 εἶπον
825 2094 970 2154 Σανδώκεα

167 2186 359 2266 στρατηγέειν,
377 2183 490 2245 άπίκετο
508 2190 535 2247 ἐς
552 2183 684 2259 Ἀφέτας.
726 2183 831 2258 ’Ξέρξης
847 2183 876 2241 δὲ
893 2185 938 2242 καὶ
955 2184 970 2244 ό

167 2274 258 2347 πεζός,
273 2273 416 2349 πορευθεὶς
432 2273 476 2331 διό
495 2274 658 2348 Θεσσαλίης
679 2273 725 2330 καὶ
737 2272 872 2350 Ἀχαιίης,
888 2275 970 2349 ἐσβε-

167 2362 285 2438 βληκῶς
297 2360 332 2437 ἦν
347 2361 391 2419 καὶ
405 2361 439 2436 δὴ
449 2364 571 2438 τριταῖος
585 2366 612 2422 ἐς
623 2362 759 2436 Μηλιέας·
782 2365 811 2419 ἐν
822 2362 970 2440 Θεσσαλίῃ

168 2453 229 2527 μὲν·
240 2449 365 2526 ἅμιλλαν
384 2448 573 2524 ποιησάμενος
590 2449 680 2508 ἵππων
696 2453 751 2507 τών
772 2453 880 2521 ἑωυτοῦ,
903 2449 971 2508 άπα-

168 2537 337 2614 πειρώμενος
362 2538 408 2596 καὶ
434 2541 483 2612 τῆς
510 2537 673 2612 Θεσσαλίης
697 2538 791 2606 ἵππου,
816 2537 972 2613 πυθόμενος

182 2627 190 2646 (
230 2627 237 2645 ’
261 2629 269 2648 Ι
348 2628 359 2650 Π
414 2631 427 2645 Ᾰ
459 2633 467 2652 9
491 2626 503 2650 V
649 2627 661 2650 Ι
751 2626 759 2647 λ
791 2625 816 2649 U
922 2627 930 2648 Ι

169 2655 205 2690 ως
219 2654 323 2704 αριστη
334 2653 376 2702 ειη
389 2653 443 2686 των
454 2653 483 2686 εν
504 2631 628 2701 Ελλησι·
647 2627 712 2686 ενθα
726 2627 759 2701 δη
771 2653 799 2684 αι
817 2626 972 2700 Ελληνιδες

171 2716 253 2774 ἵπποι
266 2717 397 2774 ἐλίποντο
410 2715 527 2774 πολλόν.
570 2719 626 2774 τῶν
643 2715 695 2790 μέν
713 2739 761 2773 νυν
778 2718 807 2772 ἐν
823 2716 972 2792 Θεσσαλίη

170 2807 313 2880 ποταμῶν,
343 2802 498 2882 Ὀνόχωνος
538 2806 640 2880 μοῦνος
675 2801 724 2862 οὐκ
759 2800 903 2879 ἀπέχρησε
937 2807 972 2880 τῇ

171 2894 291 2969 στρατιῇ
314 2891 347 2950 τό
368 2892 489 2967 ῥέεθρον,
510 2890 666 2968 πινόμενος·
687 2894 742 2949 τῶν
761 2889 790 2947 δὲ
810 2893 838 2947 ἐν
860 2887 973 2970 Ἀχαιΐη

172 2984 307 3057 ποταμῶν
319 2978 442 3057 ῥεόντων,
459 2977 521 3038 οὐδὲ
534 2978 612 3042 ὅστις
629 2978 644 3038 ό
658 2979 792 3057 μέγιστος
810 2975 899 3036 αὐτῶν
912 2979 974 3038 ἐστὶ

172 3066 333 3140 Ἠπιδανός,
349 3065 412 3126 οὐδὲ
426 3065 505 3130 οὗτος
519 3067 645 3143 α’ντέσχε,
662 3071 686 3124 εἰ
699 3065 739 3139 μη
754 3064 894 3139 φλαύρως.

214 3155 262 3218 Ἐς
277 3154 368 3213 Ι’έλλον
386 3156 415 3213 δὲ
435 3159 486 3229 τῆς
498 3154 626 3230 Ἀχαιίης
642 3151 800 3226 ἀπικομένη,
815 3151 913 3225 Ξέρξη,
928 3152 955 3205 οἱ
966 3151 1018 3205 197

175 3242 361 3322 κατηγεμόνες
373 3246 424 3317 τῆς
436 3241 502 3300 ὁδοῦ
512 3238 684 3314 βουλόμενοι
693 3235 725 3292 τό
736 3239 792 3291 πᾶν
802 3234 973 3312 ἐξηγέεσθαι,

175 3329 275 3410 ἔλεγόν
299 3332 326 3388 οἱ
347 3327 494 3404 ἐπιχώριον
521 3323 616 3400 λόγον,
638 3320 673 3377 τά
700 3319 764 3393 περὶ
787 3319 819 3377 τό
845 3318 903 3392 ἱρόν
926 3320 975 3374 τοῦ

1059 3435 1116 3500 Δ
