2276 3554
175 147 222 196 116
487 147 674 195 υινοιουοτ
915 144 975 210 [vl.

177 226 247 302 ὕδωρ
269 227 314 284 ἐπὶ
334 225 385 302 τήν
398 226 620 304 Ἐννεάκρουνον·
643 225 688 305 (οὗ
708 226 765 307 γὰρ
786 225 856 285 εἶναι
877 230 979 285 τοῦτον

176 314 226 373 τόν
243 314 346 392 χρόνον
367 316 454 389 σφίσι
477 341 515 373 κω
537 314 600 374 οὐδὲ
620 319 697 374 τοῖσι
717 314 835 374 ἄλλοισι
849 313 979 388 Ἐλλησι

130 473 132 477 ,
177 403 305 484 οἰκέτας)
331 401 399 465 ὅκως
420 403 450 462 δέ
474 404 581 463 ἔλθοιεν
605 401 695 472 αὗται,
718 402 783 465 τούς
807 402 979 482 Πελασγούς

175 489 230 550 ὑπό
251 490 350 568 ὕβριός
370 516 401 550 τε
424 492 470 550 καὶ
491 491 639 572 ὀλιγωρίης
659 491 784 567 βιᾶσθαί
803 497 909 566 σφεας·
933 490 980 549 καὶ

176 583 264 638 ταῦτα
283 579 379 655 μέντοι
399 579 487 654 σφίσι
505 578 554 638 οὐκ
568 578 697 658 ἀποχρᾶν
710 579 822 647 ποιέειν,
838 577 915 637 ἀλλὰ
937 579 979 637 τέ-

178 671 228 730 λος
252 667 297 725 καὶ
322 667 557 742 ἐπιβουλεύοντας
580 667 768 746 ἐπιχειρήσειν
794 671 916 742 φανῆναι
938 666 980 724 ἐπ’

178 754 342 834 αὐτοφώρῳ·
372 755 543 819 ἐωυτοῦς-δέ
566 756 699 837 γενέσθαι
726 755 851 832 τοσούτῳ
873 755 979 812 ἐκείνων

180 841 279 919 ἄνδρας
301 843 454 920 ἀμείνονας,
476 843 534 922 ὅσῳ
558 845 661 920 παρεόν
676 843 799 902 -αώτοῖσι
820 842 980 901 ἀποκτεῖναι

177 931 241 992 τούς
260 933 429 1012 Πελασγούς
451 934 525 1012 (ἐπεί
545 935 637 1007 σφεας
656 933 762 1008 ἔλαβον
784 930 978 1006 ἐπιβουλεύονς

98 1061 108 1072 f
178 1021 238 1099 τας)
253 1018 303 1078 οὐκ
317 1021 461 1095 ἐθελῆσαι,
476 1019 554 1078 ιῖλλό
569 1028 625 1096 σφι
647 1023 789 1095 προειπεῖν
809 1024 838 1077 ἐκ
859 1022 909 1094 τῆς
928 1023 976 1098 γῆς

181 1107 290 1176 ἐξιέναι·
312 1108 377 1171 τούς
398 1109 428 1167 δέ
452 1107 523 1168 οὕτω
547 1109 581 1184 δή
607 1107 827 1186 ἐκχωρήσαντας,
852 1105 929 1165 ἄλλα
950 1133 981 1166 τε

179 1200 261 1274 σχεῖν
285 1197 373 1274 χωρία
395 1197 441 1255 καὶ
463 1196 496 1272 δή
521 1198 567 1255 καὶ
591 1201 716 1272 Λῆμνον.
759 1199 847 1254 ἐκεῖνα
871 1197 923 1270 μέν
947 1195 981 1269 δή

133 1285 189 1342 138
197 1283 342 1346 Ἑκαταῖος
361 1284 444 1353 ἐλεξε,
459 1289 546 1343 ταῦτα
565 1285 594 1343 δὲ
612 1283 757 1359 Ἀθηναῖοι
773 1285 901 1363 λέγουσι.
945 1286 981 1340 Οί

180 1372 209 1430 δὲ
237 1374 387 1452 Πελασγοὶ
417 1371 493 1431 οὗτοι
520 1378 634 1449 Λῆμνον
663 1372 727 1432 τότε
753 1371 908 1448 νεμόμενοι,
936 1372 982 1429 καὶ

178 1461 350 1536 βουλόμενοι
371 1460 436 1522 τούς
458 1459 623 1536 Ἀθηναίους
645 1459 869 1536 τιμωρήσασθαι,
895 1458 924 1518 εὗ
951 1485 982 1518 τε

182 1548 393 1624 ἐξεπιστάμενοι
409 1549 458 1610 τὰς
471 1548 624 1624 Ἀθηναίων
645 1547 736 1624 ὁρτὰς,
751 1548 982 1624 πεντηκοντέρους

180 1634 353 1712 στησάμενοι
374 1635 518 1714 ἐλόχησαν
535 1636 678 1713 Ἀρτέμιδι
692 1642 720 1696 ἐν
734 1639 879 1712 Βραυρῶνι
900 1633 983 1716 όγοό·

180 1749 233 1786 σας
247 1723 331 1801 ὁρτήν
346 1724 396 1786 τὰς
409 1729 464 1784 τῶν
477 1724 631 1799 Ἀθηναίων
652 1729 792 1804 γυναῖκας·
815 1724 939 1783 ἐνθεῦτεν
953 1723 983 1782 δὲ

183 1810 360 1889 ἁρπάσαντες
379 1814 497 1872 τουτέων
518 1813 630 1876 πολλός
652 1813 762 1891 οἴχοντο
785 1811 983 1874 ἀποπλέοντες·

181 1901 230 1958 καί
240 1907 333 1976 σφεας
347 1906 374 1963 ἐς
384 1905 499 1977 Λῆμνον
514 1899 666 1982 ἀγαγόντες
679 1900 829 1963 παλλακὰς
843 1899 928 1978 εἶχον·
949 1899 985 1964 ώς

183 1988 212 2047 δέ
230 1989 331 2048 τέκνων
350 1987 430 2048 αὗται
452 1993 480 2048 αἱ
500 1993 627 2070 γυναῖκες
639 1989 875 2064 ὑπεπλήσθησαν,
890 1992 984 2068 γλῶσ-

182 2076 238 2136 σόν
260 2103 291 2136 τε
314 2076 365 2152 τὴν
387 2076 517 2153 Ἀττικήν
542 2077 588 2135 καὶ
611 2076 731 2154 τρόπους
754 2081 809 2135 τῶν
832 2075 986 2151 Ἀθηναίων

183 2165 327 2224 ἐδίδασκον
348 2165 411 2228 τούς
434 2166 548 2228 παῖδας·
578 2167 604 2224 οἶ
629 2165 658 2223 δὲ
684 2164 747 2224 οὔτε
770 2164 986 2243 συμμίσγεσθαι

181 2257 258 2312 τοῖσι
280 2259 310 2312 ἐκ
331 2258 385 2312 τῶν
405 2254 590 2334 Πελασγίδων
611 2258 748 2334 γυναικών
769 2253 853 2312 παισὶ
872 2251 985 2327 ἤθελον,

185 2342 210 2400 εἶ
222 2367 253 2400 τε
265 2340 396 2400 τύπτοιτό
409 2367 451 2403 τις
465 2341 554 2400 αὐτῶν
567 2341 613 2400 ὑπ’
628 2343 735 2400 ἐκείνων
754 2340 835 2410 τινός,
851 2338 987 2415 ἐβοήθεόν

182 2454 214 2488 τε
231 2428 335 2491 πάντες
353 2429 399 2487 καὶ
420 2429 565 2506 ἐτιμώρεον
583 2428 749 2504 α’λλήλοισι·
772 2430 816 2486 καὶ
830 2427 864 2503 δή
878 2427 924 2485 καὶ
940 2426 988 2503 ἅρ-

186 2543 247 2596 χειν
262 2542 293 2576 τε
309 2521 363 2576 τῶν
381 2517 486 2575 παιδων
507 2520 533 2575 οἶ
551 2517 645 2579 παῖδες
660 2517 800 2589 ἐδικαίευν,
817 2518 862 2574 καὶ
876 2515 989 2575 πολλόν

186 2603 361 2682 ἐπεκράτεον·
388 2605 523 2682 μαθόντες
544 2605 573 2664 δὲ
595 2609 682 2664 ταῦτα
704 2609 731 2664 οἱ
754 2604 903 2686 Πελασγοὶ
926 2607 989 2662 ἐωυ-

184 2698 260 2753 τοῖσι
284 2692 387 2774 λόγους
410 2693 547 2751 ἐδίδοσαν·
576 2693 624 2751 καί
643 2699 732 2768 σφισι
753 2693 990 2768 βουλευομένοισι

185 2782 273 2842 δεινόν
287 2807 314 2840 τι
328 2781 447 2849 ἐσέδυνε,
463 2785 486 2839 εἶ
499 2781 533 2856 δή
548 2781 755 2862 διαγινώσκοιεν
774 2782 862 2856 σφίσι
875 2806 906 2839 τε
918 2781 990 2855 βὸη

186 2872 257 2930 θέειν
277 2874 303 2929 οἱ
322 2871 417 2933 παῖδες
436 2869 506 2945 πρός
524 2875 578 2930 τῶν
598 2869 753 2946 κουριδιέων
772 2873 908 2950 γυναικῶν
925 2867 991 2930 τοῦς

185 2959 292 3027 παῖδας,
316 2959 362 3016 καὶ
383 2956 487 3016 τοότων
509 2956 606 3016 αὐτίκα
628 2956 723 3035 ἄρχειν
742 2956 886 3035 πειρῴατο,
906 2957 936 3014 τί
955 2953 991 3030 δή

187 3045 370 3121 ἀνδρωθέντες
390 3044 473 3119 δῆθεν
497 3043 668 3118 ποιήσουσι;
692 3045 812 3104 ἐνθαῦτα
836 3043 913 3114 ἔδοξέ
935 3049 992 3118 σφι

188 3134 302 3191 κτείνειν
312 3132 376 3194 τοῦς
385 3131 485 3192 παῖδας
498 3131 562 3192 τούς
575 3135 604 3188 ἐκ
618 3135 672 3189 τῶν
685 3131 832 3191 Ἀττικέων
844 3136 992 3213 γυναικῶν·

187 3223 299 3277 ποιεῦσι
321 3219 355 3294 δή
377 3223 472 3289 ταῦτα,
496 3218 751 3294 προσαπολλύουσι
774 3219 804 3277 δέ
825 3227 922 3294 σφεων
946 3222 993 3276 καὶ

187 3305 237 3366 τὰς
260 3307 389 3381 μητέρας.
431 3304 487 3364 οἷπὸ
513 3305 613 3364 τούτου
637 3306 667 3364 δέ
689 3311 739 3365 τοῦ
764 3309 846 3388 ἐργου
871 3309 917 3366 καὶ
941 3312 993 3366 τοῦ
