<?xml version="1.0" encoding="UTF-8"?>
<!DOCTYPE html PUBLIC "-//W3C//DTD XHTML 1.0 Transitional//EN"
    "http://www.w3.org/TR/xhtml1/DTD/xhtml1-transitional.dtd">
<html xmlns="http://www.w3.org/1999/xhtml" xml:lang="en" lang="en">
 <head>
  <title>
</title>
<meta http-equiv="Content-Type" content="text/html;charset=utf-8" />
  <meta name='ocr-system' content='tesseract 3.04.00' />
  <meta name='ocr-capabilities' content='ocr_page ocr_carea ocr_par ocr_line ocrx_word'/>
</head>
<body>
  <div class='ocr_page' id='page_1' title='image "./herodotusrecens00blakgoog_0170.png"; bbox 0 0 2276 3554; ppageno 0'>
   <div class='ocr_carea' id='block_1_1' title="bbox 111 147 966 3402">
    <p class='ocr_par' dir='ltr' id='par_1_1' title="bbox 111 147 966 3402">
     <span class='ocr_line' id='line_1_1' title="bbox 164 147 966 215; baseline 0.006 -20"><span class='ocrx_word' id='word_1_1' title='bbox 164 147 212 195; x_wconf 74' lang='lat'>162</span> <span class='ocrx_word' id='word_1_2' title='bbox 482 147 664 196; x_wconf 71' lang='grc' dir='ltr'>ἨΡΟΔΟΤΟΤ</span> <span class='ocrx_word' id='word_1_3' title='bbox 888 151 966 215; x_wconf 79' lang='lat' dir='ltr'><strong>[VIL&#39;</strong></span> 
     </span>
     <span class='ocr_line' id='line_1_2' title="bbox 164 225 965 309; baseline 0.006 -24"><span class='ocrx_word' id='word_1_4' title='bbox 164 251 245 303; x_wconf 82' lang='grc' dir='ltr'>τερον</span> <span class='ocrx_word' id='word_1_5' title='bbox 257 225 359 301; x_wconf 78' lang='grc' dir='ltr'>ταύτης</span> <span class='ocrx_word' id='word_1_6' title='bbox 376 229 427 302; x_wconf 81' lang='grc' dir='ltr'>τῆς</span> <span class='ocrx_word' id='word_1_7' title='bbox 444 225 558 289; x_wconf 92' lang='grc' dir='ltr'>ἐλάσιος</span> <span class='ocrx_word' id='word_1_8' title='bbox 573 225 694 305; x_wconf 82' lang='grc' dir='ltr'>ὕπαρχοι</span> <span class='ocrx_word' id='word_1_9' title='bbox 708 231 785 306; x_wconf 81' lang='grc' dir='ltr'>ἐντῇ</span> <span class='ocrx_word' id='word_1_10' title='bbox 799 231 906 309; x_wconf 78' lang='grc' dir='ltr'>Θρηίκη</span> <span class='ocrx_word' id='word_1_11' title='bbox 920 235 965 292; x_wconf 87' lang='grc' dir='ltr'>καὶ</span> 
     </span>
     <span class='ocr_line' id='line_1_3' title="bbox 165 311 965 394; baseline 0.004 -20"><span class='ocrx_word' id='word_1_12' title='bbox 165 319 214 374; x_wconf 85' lang='grc' dir='ltr'>τοῦ</span> <span class='ocrx_word' id='word_1_13' title='bbox 224 313 439 390; x_wconf 80' lang='grc' dir='ltr'>Ἑλλησπόντου</span> <span class='ocrx_word' id='word_1_14' title='bbox 448 319 588 394; x_wconf 78' lang='grc' dir='ltr'>πανταχῆ·</span> <span class='ocrx_word' id='word_1_15' title='bbox 604 311 680 374; x_wconf 81' lang='grc' dir='ltr'>οὗτοι</span> <span class='ocrx_word' id='word_1_16' title='bbox 691 313 728 374; x_wconf 86' lang='grc' dir='ltr'>ὧν</span> <span class='ocrx_word' id='word_1_17' title='bbox 737 315 845 390; x_wconf 88' lang='grc' dir='ltr'>πάντες,</span> <span class='ocrx_word' id='word_1_18' title='bbox 856 319 885 376; x_wconf 87' lang='grc' dir='ltr'>οί</span> <span class='ocrx_word' id='word_1_19' title='bbox 892 345 923 378; x_wconf 92' lang='grc' dir='ltr'>τε</span> <span class='ocrx_word' id='word_1_20' title='bbox 934 326 965 380; x_wconf 88' lang='grc' dir='ltr'>ἐκ</span> 
     </span>
     <span class='ocr_line' id='line_1_4' title="bbox 163 402 963 488; baseline 0.006 -27"><span class='ocrx_word' id='word_1_21' title='bbox 163 405 284 480; x_wconf 81' lang='grc' dir='ltr'>Θρηίκης</span> <span class='ocrx_word' id='word_1_22' title='bbox 293 405 395 462; x_wconf 80' lang='grc' dir='ltr'>καὶτοῦ</span> <span class='ocrx_word' id='word_1_23' title='bbox 405 402 630 479; x_wconf 86' lang='grc' dir='ltr'>Ἑλλησπόντου,</span> <span class='ocrx_word' id='word_1_24' title='bbox 639 403 773 479; x_wconf 80' lang='grc' dir='ltr'>πλήντοῦ</span> <span class='ocrx_word' id='word_1_25' title='bbox 784 410 813 464; x_wconf 88' lang='grc' dir='ltr'>ἐν</span> <span class='ocrx_word' id='word_1_26' title='bbox 824 407 963 488; x_wconf 79' lang='grc' dir='ltr'>Δορίσκῳ,</span> 
     </span>
     <span class='ocr_line' id='line_1_5' title="bbox 162 490 963 576; baseline 0.005 -26"><span class='ocrx_word' id='word_1_27' title='bbox 162 491 216 551; x_wconf 84' lang='grc' dir='ltr'>ύπὸ</span> <span class='ocrx_word' id='word_1_28' title='bbox 229 490 373 568; x_wconf 83' lang='grc' dir='ltr'>Ἑλλήνων</span> <span class='ocrx_word' id='word_1_29' title='bbox 382 491 500 569; x_wconf 80' lang='grc' dir='ltr'>ὕστερον</span> <span class='ocrx_word' id='word_1_30' title='bbox 508 491 610 567; x_wconf 77' lang='grc' dir='ltr'>ταύτης</span> <span class='ocrx_word' id='word_1_31' title='bbox 622 497 673 568; x_wconf 80' lang='grc' dir='ltr'>τῆς</span> <span class='ocrx_word' id='word_1_32' title='bbox 682 495 893 576; x_wconf 84' lang='grc' dir='ltr'>στρατηλασίης</span> <span class='ocrx_word' id='word_1_33' title='bbox 903 497 963 575; x_wconf 76' lang='grc' dir='ltr'>ἐξη-</span> 
     </span>
     <span class='ocr_line' id='line_1_6' title="bbox 161 580 963 660; baseline 0.005 -20"><span class='ocrx_word' id='word_1_34' title='bbox 161 582 295 657; x_wconf 91' lang='grc' dir='ltr'>ρέθησαν·</span> <span class='ocrx_word' id='word_1_35' title='bbox 314 580 365 641; x_wconf 82' lang='grc' dir='ltr'>τόν</span> <span class='ocrx_word' id='word_1_36' title='bbox 378 581 407 640; x_wconf 82' lang='grc' dir='ltr'>δὲ</span> <span class='ocrx_word' id='word_1_37' title='bbox 424 587 453 640; x_wconf 89' lang='grc' dir='ltr'>ἐν</span> <span class='ocrx_word' id='word_1_38' title='bbox 467 582 597 660; x_wconf 81' lang='grc' dir='ltr'>Δορίσκῳ</span> <span class='ocrx_word' id='word_1_39' title='bbox 614 580 778 658; x_wconf 76' lang='grc' dir='ltr'>Μασκάμην</span> <span class='ocrx_word' id='word_1_40' title='bbox 795 581 913 660; x_wconf 87' lang='grc' dir='ltr'>ούδαμοί</span> <span class='ocrx_word' id='word_1_41' title='bbox 924 611 963 644; x_wconf 87' lang='grc' dir='ltr'>κω</span> 
     </span>
     <span class='ocr_line' id='line_1_7' title="bbox 162 669 962 747; baseline 0.006 -19"><span class='ocrx_word' id='word_1_42' title='bbox 162 669 356 746; x_wconf 78' lang='grc' dir='ltr'>ἐδυνάσθησαν</span> <span class='ocrx_word' id='word_1_43' title='bbox 366 671 477 740; x_wconf 80' lang='grc' dir='ltr'>ἐξελεῖν,</span> <span class='ocrx_word' id='word_1_44' title='bbox 486 673 603 729; x_wconf 79' lang='grc' dir='ltr'>πολλῶν</span> <span class='ocrx_word' id='word_1_45' title='bbox 612 671 831 747; x_wconf 81' lang='grc' dir='ltr'>πειρησαμένων·</span> <span class='ocrx_word' id='word_1_46' title='bbox 846 671 891 730; x_wconf 78' lang='grc' dir='ltr'>διά</span> <span class='ocrx_word' id='word_1_47' title='bbox 900 678 962 733; x_wconf 84' lang='grc' dir='ltr'>τοῦ·</span> 
     </span>
     <span class='ocr_line' id='line_1_8' title="bbox 160 758 963 835; baseline 0.004 -18"><span class='ocrx_word' id='word_1_48' title='bbox 160 783 193 818; x_wconf 86' lang='grc' dir='ltr'>το</span> <span class='ocrx_word' id='word_1_49' title='bbox 210 758 241 818; x_wconf 91' lang='grc' dir='ltr'>δέ</span> <span class='ocrx_word' id='word_1_50' title='bbox 258 762 284 817; x_wconf 81' lang='grc' dir='ltr'>οί</span> <span class='ocrx_word' id='word_1_51' title='bbox 301 758 337 818; x_wconf 77' lang='grc' dir='ltr'>τά</span> <span class='ocrx_word' id='word_1_52' title='bbox 355 759 429 835; x_wconf 78' lang='grc' dir='ltr'>δῶρα</span> <span class='ocrx_word' id='word_1_53' title='bbox 444 759 583 835; x_wconf 87' lang='grc' dir='ltr'>πέμπεται</span> <span class='ocrx_word' id='word_1_54' title='bbox 598 758 675 834; x_wconf 73' lang='grc' dir='ltr'>παρὰ</span> <span class='ocrx_word' id='word_1_55' title='bbox 690 763 740 817; x_wconf 81' lang='grc' dir='ltr'>τοῦ</span> <span class='ocrx_word' id='word_1_56' title='bbox 758 759 963 834; x_wconf 83' lang='grc' dir='ltr'>βασιλεύοντος</span> 
     </span>
     <span class='ocr_line' id='line_1_9' title="bbox 114 845 962 927; baseline 0.002 -21"><span class='ocrx_word' id='word_1_57' title='bbox 114 848 170 906; x_wconf 83' lang='grc'>107</span> <span class='ocrx_word' id='word_1_58' title='bbox 180 847 233 906; x_wconf 83' lang='grc' dir='ltr'>αἶεὶ</span> <span class='ocrx_word' id='word_1_59' title='bbox 247 852 275 906; x_wconf 88' lang='grc' dir='ltr'>ἐν</span> <span class='ocrx_word' id='word_1_60' title='bbox 290 847 429 926; x_wconf 79' lang='grc' dir='ltr'>Πέρσησι</span> <span class='ocrx_word' id='word_1_61' title='bbox 465 850 526 906; x_wconf 82' lang='grc' dir='ltr'>Τῶν</span> <span class='ocrx_word' id='word_1_62' title='bbox 539 847 569 905; x_wconf 83' lang='grc' dir='ltr'>δὲ</span> <span class='ocrx_word' id='word_1_63' title='bbox 583 845 774 923; x_wconf 78' lang='grc' dir='ltr'>ἐξαιρεθέντων</span> <span class='ocrx_word' id='word_1_64' title='bbox 787 845 841 906; x_wconf 84' lang='grc' dir='ltr'>ύπό</span> <span class='ocrx_word' id='word_1_65' title='bbox 858 847 962 927; x_wconf 83' lang='grc' dir='ltr'>Ἑλλή-</span> 
     </span>
     <span class='ocr_line' id='line_1_10' title="bbox 161 933 960 1020; baseline 0.005 -26"><span class='ocrx_word' id='word_1_66' title='bbox 161 961 213 995; x_wconf 89' lang='grc' dir='ltr'>νων</span> <span class='ocrx_word' id='word_1_67' title='bbox 223 934 320 995; x_wconf 87' lang='grc' dir='ltr'>ούδένα</span> <span class='ocrx_word' id='word_1_68' title='bbox 330 934 469 1011; x_wconf 82' lang='grc' dir='ltr'>βασιλεύς</span> <span class='ocrx_word' id='word_1_69' title='bbox 478 935 584 1012; x_wconf 76' lang='grc' dir='ltr'>Ξέρξης</span> <span class='ocrx_word' id='word_1_70' title='bbox 594 933 708 1010; x_wconf 79' lang='grc' dir='ltr'>ἐνόμισε</span> <span class='ocrx_word' id='word_1_71' title='bbox 719 934 787 994; x_wconf 83' lang='grc' dir='ltr'>εἶναι</span> <span class='ocrx_word' id='word_1_72' title='bbox 797 934 883 1012; x_wconf 80' lang='grc' dir='ltr'>ἄνδρα</span> <span class='ocrx_word' id='word_1_73' title='bbox 893 937 960 1020; x_wconf 86' lang='grc' dir='ltr'>α’γα-</span> 
     </span>
     <span class='ocr_line' id='line_1_11' title="bbox 160 1021 961 1104; baseline 0.005 -21"><span class='ocrx_word' id='word_1_74' title='bbox 160 1023 218 1093; x_wconf 85' lang='grc' dir='ltr'>θόν,</span> <span class='ocrx_word' id='word_1_75' title='bbox 233 1028 257 1083; x_wconf 86' lang='grc' dir='ltr'>εί</span> <span class='ocrx_word' id='word_1_76' title='bbox 274 1023 314 1100; x_wconf 75' lang='grc' dir='ltr'>μὴ</span> <span class='ocrx_word' id='word_1_77' title='bbox 329 1023 422 1104; x_wconf 87' lang='grc' dir='ltr'>Βόγην</span> <span class='ocrx_word' id='word_1_78' title='bbox 437 1027 548 1100; x_wconf 84' lang='grc' dir='ltr'>μοῦνον,</span> <span class='ocrx_word' id='word_1_79' title='bbox 563 1021 612 1082; x_wconf 81' lang='grc' dir='ltr'>τόν</span> <span class='ocrx_word' id='word_1_80' title='bbox 629 1023 660 1092; x_wconf 82' lang='grc' dir='ltr'>ἐξ</span> <span class='ocrx_word' id='word_1_81' title='bbox 676 1021 797 1086; x_wconf 87' lang='grc' dir='ltr'>Ἠϊόνας·</span> <span class='ocrx_word' id='word_1_82' title='bbox 818 1029 917 1085; x_wconf 84' lang='grc' dir='ltr'>τοῦτον</span> <span class='ocrx_word' id='word_1_83' title='bbox 930 1027 961 1087; x_wconf 87' lang='grc' dir='ltr'>δέ</span> 
     </span>
     <span class='ocr_line' id='line_1_12' title="bbox 159 1111 961 1189; baseline 0.007 -19"><span class='ocrx_word' id='word_1_84' title='bbox 159 1114 254 1173; x_wconf 80' lang='grc' dir='ltr'>αἰνέων</span> <span class='ocrx_word' id='word_1_85' title='bbox 275 1113 324 1172; x_wconf 90' lang='grc' dir='ltr'>ούκ</span> <span class='ocrx_word' id='word_1_86' title='bbox 345 1111 471 1182; x_wconf 82' lang='grc' dir='ltr'>ἐπαύετο,</span> <span class='ocrx_word' id='word_1_87' title='bbox 494 1111 539 1170; x_wconf 90' lang='grc' dir='ltr'>καὶ</span> <span class='ocrx_word' id='word_1_88' title='bbox 559 1111 623 1174; x_wconf 84' lang='grc' dir='ltr'>τούς</span> <span class='ocrx_word' id='word_1_89' title='bbox 646 1111 805 1189; x_wconf 86' lang='grc' dir='ltr'>περιεόντας</span> <span class='ocrx_word' id='word_1_90' title='bbox 825 1111 910 1173; x_wconf 76' lang='grc' dir='ltr'>αὐτοῦ</span> <span class='ocrx_word' id='word_1_91' title='bbox 931 1119 961 1176; x_wconf 88' lang='grc' dir='ltr'>ἐν</span> 
     </span>
     <span class='ocr_line' id='line_1_13' title="bbox 160 1199 960 1281; baseline 0.005 -22"><span class='ocrx_word' id='word_1_92' title='bbox 160 1202 293 1281; x_wconf 79' lang='grc' dir='ltr'>Πέρσησι</span> <span class='ocrx_word' id='word_1_93' title='bbox 306 1202 406 1264; x_wconf 84' lang='grc' dir='ltr'>παῖδας</span> <span class='ocrx_word' id='word_1_94' title='bbox 420 1201 500 1277; x_wconf 83' lang='grc' dir='ltr'>ἐτίμα</span> <span class='ocrx_word' id='word_1_95' title='bbox 512 1199 649 1276; x_wconf 90' lang='grc' dir='ltr'>μάλιστα·</span> <span class='ocrx_word' id='word_1_96' title='bbox 667 1200 727 1258; x_wconf 83' lang='grc' dir='ltr'>ἐπεὶ</span> <span class='ocrx_word' id='word_1_97' title='bbox 740 1202 786 1258; x_wconf 89' lang='grc' dir='ltr'>καὶ</span> <span class='ocrx_word' id='word_1_98' title='bbox 796 1199 872 1270; x_wconf 79' lang='grc' dir='ltr'>ἄξιος</span> <span class='ocrx_word' id='word_1_99' title='bbox 882 1203 960 1264; x_wconf 82' lang='grc' dir='ltr'>αἴνου</span> 
     </span>
     <span class='ocr_line' id='line_1_14' title="bbox 158 1287 959 1370; baseline 0.004 -21"><span class='ocrx_word' id='word_1_100' title='bbox 158 1290 284 1370; x_wconf 83' lang='grc' dir='ltr'>μεγάλου</span> <span class='ocrx_word' id='word_1_101' title='bbox 298 1291 406 1370; x_wconf 88' lang='grc' dir='ltr'>ἐγένετο</span> <span class='ocrx_word' id='word_1_102' title='bbox 420 1289 522 1370; x_wconf 87' lang='grc' dir='ltr'>Βόγης·</span> <span class='ocrx_word' id='word_1_103' title='bbox 543 1287 575 1350; x_wconf 78' lang='grc' dir='ltr'>ὃς</span> <span class='ocrx_word' id='word_1_104' title='bbox 588 1287 681 1364; x_wconf 67' lang='grc' dir='ltr'>ἐπειδὴ</span> <span class='ocrx_word' id='word_1_105' title='bbox 696 1289 890 1364; x_wconf 83' lang='grc' dir='ltr'>ἐπολιορκέετο</span> <span class='ocrx_word' id='word_1_106' title='bbox 903 1287 959 1352; x_wconf 81' lang='grc' dir='ltr'>ύπύ</span> 
     </span>
     <span class='ocr_line' id='line_1_15' title="bbox 158 1375 960 1460; baseline 0.005 -24"><span class='ocrx_word' id='word_1_107' title='bbox 158 1376 310 1454; x_wconf 89' lang='grc' dir='ltr'>Ἀθηναίων</span> <span class='ocrx_word' id='word_1_108' title='bbox 324 1379 370 1436; x_wconf 85' lang='grc' dir='ltr'>καὶ</span> <span class='ocrx_word' id='word_1_109' title='bbox 384 1378 512 1454; x_wconf 87' lang='grc' dir='ltr'>Κίμωνος</span> <span class='ocrx_word' id='word_1_110' title='bbox 525 1381 575 1436; x_wconf 80' lang='grc' dir='ltr'>τοῦ</span> <span class='ocrx_word' id='word_1_111' title='bbox 588 1375 756 1445; x_wconf 73' lang='grc' dir='ltr'>Μιλτιάδεω,</span> <span class='ocrx_word' id='word_1_112' title='bbox 767 1377 873 1454; x_wconf 81' lang='grc' dir='ltr'>παρεόν</span> <span class='ocrx_word' id='word_1_113' title='bbox 881 1379 960 1460; x_wconf 76' lang='grc' dir='ltr'>αύτῷ</span> 
     </span>
     <span class='ocr_line' id='line_1_16' title="bbox 159 1464 958 1541; baseline 0.005 -17"><span class='ocrx_word' id='word_1_114' title='bbox 159 1466 336 1526; x_wconf 73' lang='grc' dir='ltr'>ὑπόσπονδον</span> <span class='ocrx_word' id='word_1_115' title='bbox 347 1467 470 1535; x_wconf 81' lang='grc' dir='ltr'>ἐξελθεῖν</span> <span class='ocrx_word' id='word_1_116' title='bbox 481 1467 527 1524; x_wconf 89' lang='grc' dir='ltr'>καὶ</span> <span class='ocrx_word' id='word_1_117' title='bbox 537 1469 677 1540; x_wconf 79' lang='grc' dir='ltr'>νοστῆσαι</span> <span class='ocrx_word' id='word_1_118' title='bbox 688 1469 715 1526; x_wconf 92' lang='grc' dir='ltr'>ἐς</span> <span class='ocrx_word' id='word_1_119' title='bbox 724 1464 777 1540; x_wconf 79' lang='grc' dir='ltr'>τὴν</span> <span class='ocrx_word' id='word_1_120' title='bbox 787 1464 896 1541; x_wconf 89' lang='grc' dir='ltr'>Ἀσίην,</span> <span class='ocrx_word' id='word_1_121' title='bbox 909 1468 958 1528; x_wconf 83' lang='grc' dir='ltr'>ούκ</span> 
     </span>
     <span class='ocr_line' id='line_1_17' title="bbox 158 1553 957 1633; baseline 0.001 -19"><span class='ocrx_word' id='word_1_122' title='bbox 158 1555 343 1632; x_wconf 84' lang='grc' dir='ltr'>ἐθέλησε,μή</span> <span class='ocrx_word' id='word_1_123' title='bbox 364 1555 454 1633; x_wconf 85' lang='grc' dir='ltr'>δειλίῃ</span> <span class='ocrx_word' id='word_1_124' title='bbox 474 1553 562 1624; x_wconf 79' lang='grc' dir='ltr'>δόξειε</span> <span class='ocrx_word' id='word_1_125' title='bbox 581 1557 715 1630; x_wconf 82' lang='grc' dir='ltr'>περιεῖναι</span> <span class='ocrx_word' id='word_1_126' title='bbox 735 1555 862 1628; x_wconf 84' lang='grc' dir='ltr'>βασιλέϊ,</span> <span class='ocrx_word' id='word_1_127' title='bbox 880 1554 957 1615; x_wconf 69' lang='grc' dir='ltr'>ἄλλό</span> 
     </span>
     <span class='ocr_line' id='line_1_18' title="bbox 159 1639 959 1722; baseline -0.003 -20"><span class='ocrx_word' id='word_1_128' title='bbox 159 1645 327 1721; x_wconf 84' lang='grc' dir='ltr'>διεκαρτέρεε</span> <span class='ocrx_word' id='word_1_129' title='bbox 345 1648 372 1706; x_wconf 90' lang='grc' dir='ltr'>ἐς</span> <span class='ocrx_word' id='word_1_130' title='bbox 389 1643 422 1702; x_wconf 81' lang='grc' dir='ltr'>τό</span> <span class='ocrx_word' id='word_1_131' title='bbox 444 1644 574 1722; x_wconf 80' lang='grc' dir='ltr'>ἔσχατον·</span> <span class='ocrx_word' id='word_1_132' title='bbox 597 1641 632 1704; x_wconf 80' lang='grc' dir='ltr'>ὦς</span> <span class='ocrx_word' id='word_1_133' title='bbox 650 1639 673 1700; x_wconf 82' lang='grc' dir='ltr'>δ’</span> <span class='ocrx_word' id='word_1_134' title='bbox 687 1641 765 1702; x_wconf 84' lang='grc' dir='ltr'>ούδέν</span> <span class='ocrx_word' id='word_1_135' title='bbox 783 1643 823 1701; x_wconf 82' lang='grc' dir='ltr'>ἔτι</span> <span class='ocrx_word' id='word_1_136' title='bbox 843 1646 959 1720; x_wconf 81' lang='grc' dir='ltr'>φορβῆς</span> 
     </span>
     <span class='ocr_line' id='line_1_19' title="bbox 158 1729 959 1812; baseline 0.002 -22"><span class='ocrx_word' id='word_1_137' title='bbox 158 1737 221 1808; x_wconf 84' lang='grc' dir='ltr'>ἐνῆν</span> <span class='ocrx_word' id='word_1_138' title='bbox 235 1737 314 1812; x_wconf 78' lang='grc' dir='ltr'>ἐντῷ</span> <span class='ocrx_word' id='word_1_139' title='bbox 328 1733 421 1811; x_wconf 81' lang='grc' dir='ltr'>τείχεϊ,</span> <span class='ocrx_word' id='word_1_140' title='bbox 437 1730 578 1807; x_wconf 82' lang='grc' dir='ltr'>συννήσας</span> <span class='ocrx_word' id='word_1_141' title='bbox 594 1729 684 1807; x_wconf 72' lang='grc' dir='ltr'>πυρὴν</span> <span class='ocrx_word' id='word_1_142' title='bbox 700 1729 835 1810; x_wconf 84' lang='grc' dir='ltr'>μεγάλην,</span> <span class='ocrx_word' id='word_1_143' title='bbox 851 1733 959 1807; x_wconf 79' lang='grc' dir='ltr'>ἔσφαξε</span> 
     </span>
     <span class='ocr_line' id='line_1_20' title="bbox 158 1818 959 1900; baseline 0.002 -22"><span class='ocrx_word' id='word_1_144' title='bbox 158 1819 193 1879; x_wconf 76' lang='grc' dir='ltr'>τά</span> <span class='ocrx_word' id='word_1_145' title='bbox 205 1821 287 1880; x_wconf 90' lang='grc' dir='ltr'>τέκνα</span> <span class='ocrx_word' id='word_1_146' title='bbox 301 1822 346 1880; x_wconf 82' lang='grc' dir='ltr'>καὶ</span> <span class='ocrx_word' id='word_1_147' title='bbox 358 1820 410 1897; x_wconf 80' lang='grc' dir='ltr'>τὴν</span> <span class='ocrx_word' id='word_1_148' title='bbox 422 1823 539 1900; x_wconf 84' lang='grc' dir='ltr'>γυναῖκα</span> <span class='ocrx_word' id='word_1_149' title='bbox 550 1820 596 1878; x_wconf 89' lang='grc' dir='ltr'>καὶ</span> <span class='ocrx_word' id='word_1_150' title='bbox 609 1818 659 1881; x_wconf 73' lang='grc' dir='ltr'>τὰς</span> <span class='ocrx_word' id='word_1_151' title='bbox 672 1818 821 1881; x_wconf 75' lang='grc' dir='ltr'>παλλακάς</span> <span class='ocrx_word' id='word_1_152' title='bbox 835 1821 880 1878; x_wconf 85' lang='grc' dir='ltr'>καὶ</span> <span class='ocrx_word' id='word_1_153' title='bbox 893 1821 959 1886; x_wconf 82' lang='grc' dir='ltr'>τούς</span> 
     </span>
     <span class='ocr_line' id='line_1_21' title="bbox 157 1905 957 1984; baseline 0.001 -17"><span class='ocrx_word' id='word_1_154' title='bbox 157 1909 272 1973; x_wconf 84' lang='grc' dir='ltr'>οἰκέτας·</span> <span class='ocrx_word' id='word_1_155' title='bbox 288 1911 334 1969; x_wconf 88' lang='grc' dir='ltr'>καὶ</span> <span class='ocrx_word' id='word_1_156' title='bbox 345 1910 438 1968; x_wconf 82' lang='grc' dir='ltr'>ἔπειτα</span> <span class='ocrx_word' id='word_1_157' title='bbox 448 1909 572 1984; x_wconf 86' lang='grc' dir='ltr'>ἐσέβαλε</span> <span class='ocrx_word' id='word_1_158' title='bbox 582 1913 610 1969; x_wconf 82' lang='grc' dir='ltr'>ἐς</span> <span class='ocrx_word' id='word_1_159' title='bbox 619 1905 652 1966; x_wconf 81' lang='grc' dir='ltr'>τό</span> <span class='ocrx_word' id='word_1_160' title='bbox 663 1911 727 1982; x_wconf 72' lang='lat' dir='ltr'>7GC·</span> <span class='ocrx_word' id='word_1_161' title='bbox 741 1906 812 1983; x_wconf 82' lang='grc' dir='ltr'>μετά</span> <span class='ocrx_word' id='word_1_162' title='bbox 822 1907 851 1966; x_wconf 87' lang='grc' dir='ltr'>δέ</span> <span class='ocrx_word' id='word_1_163' title='bbox 861 1913 957 1982; x_wconf 78' lang='grc' dir='ltr'>ταῦτα,</span> 
     </span>
     <span class='ocr_line' id='line_1_22' title="bbox 156 1993 958 2077; baseline 0.002 -21"><span class='ocrx_word' id='word_1_164' title='bbox 156 1996 205 2056; x_wconf 82' lang='grc' dir='ltr'>τόν</span> <span class='ocrx_word' id='word_1_165' title='bbox 214 1999 322 2076; x_wconf 81' lang='grc' dir='ltr'>χρυσόν</span> <span class='ocrx_word' id='word_1_166' title='bbox 332 1996 441 2057; x_wconf 80' lang='grc' dir='ltr'>ἅπαντα</span> <span class='ocrx_word' id='word_1_167' title='bbox 450 1996 499 2056; x_wconf 83' lang='grc' dir='ltr'>τόν</span> <span class='ocrx_word' id='word_1_168' title='bbox 510 2001 539 2054; x_wconf 92' lang='grc' dir='ltr'>ἐκ</span> <span class='ocrx_word' id='word_1_169' title='bbox 550 1998 599 2055; x_wconf 85' lang='grc' dir='ltr'>τοῦ</span> <span class='ocrx_word' id='word_1_170' title='bbox 610 1993 710 2056; x_wconf 80' lang='grc' dir='ltr'>ἄστεος</span> <span class='ocrx_word' id='word_1_171' title='bbox 721 1996 766 2052; x_wconf 89' lang='grc' dir='ltr'>καὶ</span> <span class='ocrx_word' id='word_1_172' title='bbox 776 1994 826 2054; x_wconf 81' lang='grc' dir='ltr'>τόν</span> <span class='ocrx_word' id='word_1_173' title='bbox 835 1993 958 2077; x_wconf 77' lang='grc' dir='ltr'>ἄργυρον</span> 
     </span>
     <span class='ocr_line' id='line_1_23' title="bbox 157 2082 958 2164; baseline 0.002 -21"><span class='ocrx_word' id='word_1_174' title='bbox 157 2087 267 2162; x_wconf 83' lang='grc' dir='ltr'>ἔσπειρε</span> <span class='ocrx_word' id='word_1_175' title='bbox 285 2085 341 2145; x_wconf 84' lang='grc' dir='ltr'>αἶπδ</span> <span class='ocrx_word' id='word_1_176' title='bbox 358 2089 407 2144; x_wconf 83' lang='grc' dir='ltr'>τοῦ</span> <span class='ocrx_word' id='word_1_177' title='bbox 424 2085 530 2164; x_wconf 90' lang='grc' dir='ltr'>τείχεος</span> <span class='ocrx_word' id='word_1_178' title='bbox 549 2089 576 2146; x_wconf 86' lang='grc' dir='ltr'>ἐς</span> <span class='ocrx_word' id='word_1_179' title='bbox 593 2083 643 2143; x_wconf 81' lang='grc' dir='ltr'>τόν</span> <span class='ocrx_word' id='word_1_180' title='bbox 663 2082 818 2160; x_wconf 78' lang='grc' dir='ltr'>Στρυμόνα,</span> <span class='ocrx_word' id='word_1_181' title='bbox 834 2085 958 2160; x_wconf 84' lang='grc' dir='ltr'>ποιήσας</span> 
     </span>
     <span class='ocr_line' id='line_1_24' title="bbox 157 2171 957 2249; baseline 0.001 -16"><span class='ocrx_word' id='word_1_182' title='bbox 157 2173 187 2232; x_wconf 84' lang='grc' dir='ltr'>δὲ</span> <span class='ocrx_word' id='word_1_183' title='bbox 208 2179 304 2243; x_wconf 86' lang='grc' dir='ltr'>ταῦτα,</span> <span class='ocrx_word' id='word_1_184' title='bbox 326 2174 425 2232; x_wconf 86' lang='grc' dir='ltr'>ἐωυτόν</span> <span class='ocrx_word' id='word_1_185' title='bbox 447 2173 571 2248; x_wconf 90' lang='grc' dir='ltr'>ἐπέβαλε</span> <span class='ocrx_word' id='word_1_186' title='bbox 595 2175 622 2234; x_wconf 90' lang='grc' dir='ltr'>ἐς</span> <span class='ocrx_word' id='word_1_187' title='bbox 645 2171 679 2231; x_wconf 83' lang='grc' dir='ltr'>τό</span> <span class='ocrx_word' id='word_1_188' title='bbox 704 2175 770 2247; x_wconf 82' lang='grc' dir='ltr'>πῦρ.</span> <span class='ocrx_word' id='word_1_189' title='bbox 812 2171 882 2230; x_wconf 82' lang='grc' dir='ltr'>οὕτω</span> <span class='ocrx_word' id='word_1_190' title='bbox 904 2177 957 2249; x_wconf 78' lang='grc' dir='ltr'>μὲν</span> 
     </span>
     <span class='ocr_line' id='line_1_25' title="bbox 156 2258 941 2336; baseline -0.001 -15"><span class='ocrx_word' id='word_1_191' title='bbox 156 2259 236 2324; x_wconf 82' lang='grc' dir='ltr'>οὗτος</span> <span class='ocrx_word' id='word_1_192' title='bbox 249 2262 356 2324; x_wconf 89' lang='grc' dir='ltr'>δικαίως</span> <span class='ocrx_word' id='word_1_193' title='bbox 370 2262 487 2320; x_wconf 81' lang='grc' dir='ltr'>αἰνέεται</span> <span class='ocrx_word' id='word_1_194' title='bbox 501 2261 540 2320; x_wconf 87' lang='grc' dir='ltr'>ἐτι</span> <span class='ocrx_word' id='word_1_195' title='bbox 554 2260 599 2318; x_wconf 83' lang='grc' dir='ltr'>καὶ</span> <span class='ocrx_word' id='word_1_196' title='bbox 613 2265 640 2323; x_wconf 88' lang='grc' dir='ltr'>ἐς</span> <span class='ocrx_word' id='word_1_197' title='bbox 653 2258 717 2320; x_wconf 87' lang='grc' dir='ltr'>τάδε</span> <span class='ocrx_word' id='word_1_198' title='bbox 730 2259 784 2319; x_wconf 84' lang='grc' dir='ltr'>ύπὸ</span> <span class='ocrx_word' id='word_1_199' title='bbox 799 2261 941 2336; x_wconf 89' lang='grc' dir='ltr'>Περσέων.</span> 
     </span>
     <span class='ocr_line' id='line_1_26' title="bbox 111 2347 957 2426; baseline 0.001 -17"><span class='ocrx_word' id='word_1_200' title='bbox 111 2352 168 2409; x_wconf 88' lang='lat'>108</span> <span class='ocrx_word' id='word_1_201' title='bbox 197 2351 302 2426; x_wconf 78' lang='grc' dir='ltr'>Ξέρξης</span> <span class='ocrx_word' id='word_1_202' title='bbox 324 2350 354 2409; x_wconf 85' lang='grc' dir='ltr'>δέ</span> <span class='ocrx_word' id='word_1_203' title='bbox 377 2355 407 2408; x_wconf 91' lang='grc' dir='ltr'>ἐκ</span> <span class='ocrx_word' id='word_1_204' title='bbox 430 2353 480 2409; x_wconf 82' lang='grc' dir='ltr'>τοῦ</span> <span class='ocrx_word' id='word_1_205' title='bbox 504 2350 647 2426; x_wconf 89' lang='grc' dir='ltr'>Δορίσκου</span> <span class='ocrx_word' id='word_1_206' title='bbox 669 2347 814 2424; x_wconf 78' lang='grc' dir='ltr'>ἐπορεύετο</span> <span class='ocrx_word' id='word_1_207' title='bbox 838 2350 883 2408; x_wconf 85' lang='grc' dir='ltr'>ἐπὶ</span> <span class='ocrx_word' id='word_1_208' title='bbox 904 2350 957 2426; x_wconf 69' lang='grc' dir='ltr'>τὴν</span> 
     </span>
     <span class='ocr_line' id='line_1_27' title="bbox 155 2435 956 2518; baseline 0.001 -22"><span class='ocrx_word' id='word_1_209' title='bbox 155 2437 291 2496; x_wconf 84' lang='grc' dir='ltr'>Ἑλλάδα·</span> <span class='ocrx_word' id='word_1_210' title='bbox 312 2438 377 2501; x_wconf 85' lang='grc' dir='ltr'>τούς</span> <span class='ocrx_word' id='word_1_211' title='bbox 395 2439 425 2497; x_wconf 81' lang='grc' dir='ltr'>δέ</span> <span class='ocrx_word' id='word_1_212' title='bbox 443 2439 496 2497; x_wconf 87' lang='grc' dir='ltr'>αἰεὶ</span> <span class='ocrx_word' id='word_1_213' title='bbox 513 2438 675 2518; x_wconf 86' lang='grc' dir='ltr'>γινομένους</span> <span class='ocrx_word' id='word_1_214' title='bbox 690 2435 817 2512; x_wconf 74' lang='grc' dir='ltr'>ἐμποδιλν</span> <span class='ocrx_word' id='word_1_215' title='bbox 833 2463 956 2514; x_wconf 88' lang='grc' dir='ltr'>συστρα-</span> 
     </span>
     <span class='ocr_line' id='line_1_28' title="bbox 156 2523 956 2608; baseline 0.004 -24"><span class='ocrx_word' id='word_1_216' title='bbox 156 2524 285 2586; x_wconf 86' lang='grc' dir='ltr'>τεύεσθαι</span> <span class='ocrx_word' id='word_1_217' title='bbox 295 2526 441 2608; x_wconf 79' lang='grc' dir='ltr'>ἠνάγκαζε·</span> <span class='ocrx_word' id='word_1_218' title='bbox 457 2526 623 2584; x_wconf 77' lang='grc' dir='ltr'>ἐδεδούλωτο</span> <span class='ocrx_word' id='word_1_219' title='bbox 636 2524 700 2605; x_wconf 75' lang='grc' dir='ltr'>γάρ,</span> <span class='ocrx_word' id='word_1_220' title='bbox 712 2523 748 2588; x_wconf 70' lang='grc' dir='ltr'>οἷς</span> <span class='ocrx_word' id='word_1_221' title='bbox 761 2525 807 2582; x_wconf 84' lang='grc' dir='ltr'>καὶ</span> <span class='ocrx_word' id='word_1_222' title='bbox 820 2525 956 2603; x_wconf 89' lang='grc' dir='ltr'>πρότερόν</span> 
     </span>
     <span class='ocr_line' id='line_1_29' title="bbox 155 2613 955 2692; baseline 0.001 -19"><span class='ocrx_word' id='word_1_223' title='bbox 155 2640 205 2690; x_wconf 91' lang='grc' dir='ltr'>μοι</span> <span class='ocrx_word' id='word_1_224' title='bbox 226 2615 383 2690; x_wconf 84' lang='grc' dir='ltr'>δεδήλωται,</span> <span class='ocrx_word' id='word_1_225' title='bbox 405 2614 424 2690; x_wconf 81' lang='grc' dir='ltr'><em>ἦ</em></span> <span class='ocrx_word' id='word_1_226' title='bbox 447 2615 530 2692; x_wconf 89' lang='grc' dir='ltr'>μέχρι</span> <span class='ocrx_word' id='word_1_227' title='bbox 551 2614 715 2688; x_wconf 86' lang='grc' dir='ltr'>Θεσσαλίης</span> <span class='ocrx_word' id='word_1_228' title='bbox 738 2616 827 2682; x_wconf 82' lang='grc' dir='ltr'>πᾶσα,</span> <span class='ocrx_word' id='word_1_229' title='bbox 853 2614 898 2671; x_wconf 81' lang='grc' dir='ltr'>καὶ</span> <span class='ocrx_word' id='word_1_230' title='bbox 921 2613 955 2690; x_wconf 84' lang='grc' dir='ltr'>ἦν</span> 
     </span>
     <span class='ocr_line' id='line_1_30' title="bbox 156 2700 955 2782; baseline 0 -22"><span class='ocrx_word' id='word_1_231' title='bbox 156 2702 210 2762; x_wconf 82' lang='grc' dir='ltr'>ύπδ</span> <span class='ocrx_word' id='word_1_232' title='bbox 237 2704 363 2779; x_wconf 89' lang='grc' dir='ltr'>βασιλέα</span> <span class='ocrx_word' id='word_1_233' title='bbox 394 2701 585 2778; x_wconf 81' lang='grc' dir='ltr'>δασμοφόρος,</span> <span class='ocrx_word' id='word_1_234' title='bbox 614 2700 789 2782; x_wconf 83' lang='grc' dir='ltr'>Μεγαβάζου</span> <span class='ocrx_word' id='word_1_235' title='bbox 816 2727 847 2760; x_wconf 93' lang='grc' dir='ltr'>τε</span> <span class='ocrx_word' id='word_1_236' title='bbox 874 2727 955 2761; x_wconf 75' lang='grc' dir='ltr'>κατα-</span> 
     </span>
     <span class='ocr_line' id='line_1_31' title="bbox 157 2790 956 2870; baseline -0.001 -19"><span class='ocrx_word' id='word_1_237' title='bbox 157 2793 351 2870; x_wconf 80' lang='grc' dir='ltr'>στρεψαμένου</span> <span class='ocrx_word' id='word_1_238' title='bbox 365 2791 410 2850; x_wconf 87' lang='grc' dir='ltr'>καὶ</span> <span class='ocrx_word' id='word_1_239' title='bbox 427 2791 545 2868; x_wconf 81' lang='grc' dir='ltr'>ὕστερον</span> <span class='ocrx_word' id='word_1_240' title='bbox 559 2790 728 2867; x_wconf 91' lang='grc' dir='ltr'>Μαρδονίου.</span> <span class='ocrx_word' id='word_1_241' title='bbox 763 2790 956 2866; x_wconf 89' lang='grc' dir='ltr'>παραμείβετο</span> 
     </span>
     <span class='ocr_line' id='line_1_32' title="bbox 157 2877 956 2957; baseline 0 -19"><span class='ocrx_word' id='word_1_242' title='bbox 157 2880 186 2938; x_wconf 86' lang='grc' dir='ltr'>δέ</span> <span class='ocrx_word' id='word_1_243' title='bbox 206 2880 390 2957; x_wconf 91' lang='grc' dir='ltr'>πορευόμενος</span> <span class='ocrx_word' id='word_1_244' title='bbox 411 2885 440 2938; x_wconf 90' lang='grc' dir='ltr'>ἐκ</span> <span class='ocrx_word' id='word_1_245' title='bbox 458 2879 608 2955; x_wconf 92' lang='grc' dir='ltr'>Δορίσκου,</span> <span class='ocrx_word' id='word_1_246' title='bbox 625 2883 722 2956; x_wconf 80' lang='grc' dir='ltr'>πρῶτα</span> <span class='ocrx_word' id='word_1_247' title='bbox 737 2881 789 2955; x_wconf 85' lang='grc' dir='ltr'>μέν</span> <span class='ocrx_word' id='word_1_248' title='bbox 807 2877 842 2936; x_wconf 78' lang='grc' dir='ltr'>τά</span> <span class='ocrx_word' id='word_1_249' title='bbox 865 2879 956 2955; x_wconf 75' lang='grc' dir='ltr'>Σαμο-</span> 
     </span>
     <span class='ocr_line' id='line_1_33' title="bbox 156 2965 958 3047; baseline 0 -19"><span class='ocrx_word' id='word_1_250' title='bbox 156 2969 266 3044; x_wconf 76' lang='grc' dir='ltr'>θρηίκια</span> <span class='ocrx_word' id='word_1_251' title='bbox 275 2970 377 3047; x_wconf 88' lang='grc' dir='ltr'>τείχεα,</span> <span class='ocrx_word' id='word_1_252' title='bbox 388 2972 443 3027; x_wconf 86' lang='grc' dir='ltr'>τῶν</span> <span class='ocrx_word' id='word_1_253' title='bbox 454 2966 561 3046; x_wconf 81' lang='grc' dir='ltr'>ἐσχάτη</span> <span class='ocrx_word' id='word_1_254' title='bbox 570 2967 742 3026; x_wconf 88' lang='grc' dir='ltr'>πεπόλισται</span> <span class='ocrx_word' id='word_1_255' title='bbox 751 2965 822 3044; x_wconf 81' lang='grc' dir='ltr'>πρός</span> <span class='ocrx_word' id='word_1_256' title='bbox 836 2967 958 3043; x_wconf 87' lang='grc' dir='ltr'>ἐσπέρην</span> 
     </span>
     <span class='ocr_line' id='line_1_34' title="bbox 155 3055 958 3135; baseline -0.001 -21"><span class='ocrx_word' id='word_1_257' title='bbox 155 3057 239 3119; x_wconf 88' lang='grc' dir='ltr'>πόλις</span> <span class='ocrx_word' id='word_1_258' title='bbox 252 3061 287 3134; x_wconf 73' lang='grc' dir='ltr'>τῇ</span> <span class='ocrx_word' id='word_1_259' title='bbox 301 3055 405 3133; x_wconf 77' lang='grc' dir='ltr'>οὔνομά</span> <span class='ocrx_word' id='word_1_260' title='bbox 420 3062 480 3114; x_wconf 87' lang='grc' dir='ltr'>ἐστι</span> <span class='ocrx_word' id='word_1_261' title='bbox 497 3058 684 3133; x_wconf 87' lang='grc' dir='ltr'>Μεσαμβρίη·</span> <span class='ocrx_word' id='word_1_262' title='bbox 707 3057 799 3135; x_wconf 84' lang='grc' dir='ltr'>ἔχεται</span> <span class='ocrx_word' id='word_1_263' title='bbox 812 3055 842 3114; x_wconf 86' lang='grc' dir='ltr'>δέ</span> <span class='ocrx_word' id='word_1_264' title='bbox 857 3055 958 3132; x_wconf 84' lang='grc' dir='ltr'>ταύιης</span> 
     </span>
     <span class='ocr_line' id='line_1_35' title="bbox 156 3143 959 3220; baseline 0.002 -18"><span class='ocrx_word' id='word_1_265' title='bbox 156 3147 269 3204; x_wconf 86' lang='grc' dir='ltr'>Θασίων</span> <span class='ocrx_word' id='word_1_266' title='bbox 291 3145 381 3217; x_wconf 82' lang='grc' dir='ltr'>πόλις,</span> <span class='ocrx_word' id='word_1_267' title='bbox 406 3145 528 3220; x_wconf 81' lang='grc' dir='ltr'>Στρύμη·</span> <span class='ocrx_word' id='word_1_268' title='bbox 556 3144 601 3202; x_wconf 72' lang='grc' dir='ltr'>διὰ</span> <span class='ocrx_word' id='word_1_269' title='bbox 624 3143 654 3202; x_wconf 93' lang='grc' dir='ltr'>δέ</span> <span class='ocrx_word' id='word_1_270' title='bbox 678 3151 773 3218; x_wconf 88' lang='grc' dir='ltr'>σφεων</span> <span class='ocrx_word' id='word_1_271' title='bbox 793 3147 843 3204; x_wconf 81' lang='grc' dir='ltr'>τοῦ</span> <span class='ocrx_word' id='word_1_272' title='bbox 867 3146 959 3220; x_wconf 90' lang='grc' dir='ltr'>μέσου</span> 
     </span>
     <span class='ocr_line' id='line_1_36' title="bbox 157 3231 959 3312; baseline 0.004 -22"><span class='ocrx_word' id='word_1_273' title='bbox 157 3234 267 3294; x_wconf 90' lang='grc' dir='ltr'>Λίσσος</span> <span class='ocrx_word' id='word_1_274' title='bbox 287 3232 412 3308; x_wconf 82' lang='grc' dir='ltr'>ποταμός</span> <span class='ocrx_word' id='word_1_275' title='bbox 433 3232 560 3308; x_wconf 87' lang='grc' dir='ltr'>διαρρέει·</span> <span class='ocrx_word' id='word_1_276' title='bbox 582 3231 612 3294; x_wconf 82' lang='grc' dir='ltr'>ὃς</span> <span class='ocrx_word' id='word_1_277' title='bbox 632 3231 695 3291; x_wconf 87' lang='grc' dir='ltr'>τότε</span> <span class='ocrx_word' id='word_1_278' title='bbox 717 3231 766 3291; x_wconf 88' lang='grc' dir='ltr'>ούκ</span> <span class='ocrx_word' id='word_1_279' title='bbox 784 3231 905 3312; x_wconf 77' lang='grc' dir='ltr'>ἀντέσχε</span> <span class='ocrx_word' id='word_1_280' title='bbox 925 3232 959 3293; x_wconf 83' lang='grc' dir='ltr'>τό</span> 
     </span>
     <span class='ocr_line' id='line_1_37' title="bbox 155 3317 959 3402; baseline 0.004 -25"><span class='ocrx_word' id='word_1_281' title='bbox 155 3317 226 3396; x_wconf 81' lang='grc' dir='ltr'>ὕδωρ</span> <span class='ocrx_word' id='word_1_282' title='bbox 243 3322 372 3398; x_wconf 86' lang='grc' dir='ltr'>παρέχων</span> <span class='ocrx_word' id='word_1_283' title='bbox 387 3323 425 3402; x_wconf 68' lang='grc' dir='ltr'>τῷ</span> <span class='ocrx_word' id='word_1_284' title='bbox 441 3320 548 3397; x_wconf 74' lang='grc' dir='ltr'>Ξέρξεω</span> <span class='ocrx_word' id='word_1_285' title='bbox 565 3324 684 3398; x_wconf 81' lang='grc' dir='ltr'>στρατῷ,</span> <span class='ocrx_word' id='word_1_286' title='bbox 698 3318 765 3379; x_wconf 71' lang='grc' dir='ltr'>ἀλλ’</span> <span class='ocrx_word' id='word_1_287' title='bbox 779 3320 904 3380; x_wconf 88' lang='grc' dir='ltr'>ἐπέλιπε·</span> <span class='ocrx_word' id='word_1_288' title='bbox 939 3319 959 3393; x_wconf 77' lang='grc' dir='ltr'><em>ἦ</em></span> 
     </span>
    </p>
   </div>
   <div class='ocr_carea' id='block_1_2' title="bbox 0 0 1142 3554">
    <p class='ocr_par' dir='ltr' id='par_1_2' title="bbox 0 0 1142 3554">
     <span class='ocr_line' id='line_1_38' title="bbox 0 0 1142 3554; baseline 0 2"><span class='ocrx_word' id='word_1_289' title='bbox 0 0 1142 3554; x_wconf 95' lang='lat' dir='ltr'> </span> 
     </span>
    </p>
   </div>
  </div>
 </body>
</html>
