2276 3554
172 141 318 206 103-106]
490 141 675 192 ΠΟΛὙΜΝῙΔ.
928 143 972 190 161

170 221 337 302 ἠνάγκασας
359 221 453 303 λέγειν
475 227 530 282 τῶν
552 221 644 303 λόγων
667 220 733 284 τούς
755 220 973 334 α’ληθεστάτους,

171 311 272 390 ἔλεγον
292 310 328 370 τά
348 310 502 386 κατήκοντα
524 309 728 389 Σπαρτιήτῃσι·
755 311 845 370 καίτοι
866 309 901 373 ῶς
921 309 975 416 ἐγφ

170 398 301 479 τυγχάνω
321 399 357 458 τά
376 403 424 458 νῦν
441 399 538 459 τάδε’
526 400 667 481 εστοργῶς
685 401 802 462 ἐκείνους
823 399 905 462 αὐτός
922 397 974 475 μα’·

171 491 260 546 λιστα
270 487 475 562 ἐξεπίστεαι,
445 515 472 547 οι
480 515 515 566 με
525 488 609 566 τιμήν
616 515 648 548 τε
657 489 703 547 καὶ
712 489 796 570 γέρεα
806 487 974 564 ἀπελόμενοι

169 576 298 652 πατριύῐα
308 575 410 636 ἄπολίν
420 603 452 636 τε
463 577 508 635 καὶ
519 577 632 658 φυγάδα
645 577 824 653 πεποιήκασι,
835 576 928 653 πατὴρ
943 575 973 634 δέ

170 663 223 726 σός
235 663 441 742 ὑποδεξάμενος
450 667 517 741 βίον
524 667 556 725 τέ
563 692 611 743 μοι
620 668 666 725 καὶ
677 667 754 726 οἶκον
764 659 871 726 δέδωκε·
887 663 974 725 ούκων

171 753 247 816 οἰκός
267 760 329 813 ἐστι
351 755 437 832 ἄνδρα
459 754 508 814 τόν
527 755 662 832 σαόφρονα
681 756 788 832 εύνοίην
805 755 974 833 φαινομένην

171 841 343 912 διωθέεσθαι,
366 842 443 902 άλλό
463 845 591 925 στέργειν
608 843 742 920 μάλιστα
786 844 841 926 ἐγῶ
861 844 890 903 δέ
911 842 973 902 οὕτε

171 929 238 988 δέκα
259 929 379 1008 άνδράσι
400 931 560 1010 ύπίσχομαι
584 932 641 994 οἶός
667 959 698 992 τε
726 933 795 994 εἶναι
821 931 973 1011 μάχεσθαι,

171 1017 236 1078 οὔτε
250 1019 351 1078 δυοῖσι·
373 1020 440 1080 ἐκοίν
453 1047 484 1080 τε
498 1021 567 1080 εἶναι
581 1020 636 1080 οὐδ’
650 1019 684 1082 ἂν
696 1020 927 1101 μουνομαχέοιμι·
949 1023 973 1078 εἰ

171 1107 201 1164 δέ
224 1107 361 1190 ἀναγκαίη
389 1111 431 1186 εἴη
457 1108 476 1185 ἢ
503 1110 590 1191 μέγας
611 1136 652 1173 τις
673 1110 689 1170 ό
712 1109 866 1186 ἐποτρύνων
890 1107 973 1189 όγῶν,

170 1197 315 1275 μαχοίμην
329 1197 362 1256 ἂν
375 1197 486 1259 πάντων
503 1198 605 1274 ἥδιστα
620 1200 659 1258 ἐνὶ
671 1199 777 1258 τούτων
790 1203 845 1258 τῶν
859 1196 972 1273 ἀνδρῶν,

171 1284 199 1342 οἳ
212 1283 357 1361 Ἑλλήνων
375 1286 492 1350 ἕκαστός
509 1295 583 1363 φησι
601 1293 684 1364 τριῶν
700 1287 776 1357 ἄξιος
796 1287 873 1346 εἶναι·
896 1285 930 1348 ῶς
943 1285 973 1344 δέ

171 1373 217 1431 καὶ
227 1375 449 1452 Λακεδαιμόνιοι,
462 1375 532 1435 κατὰ
544 1379 595 1453 μὲν
607 1377 653 1435 ’ἐνα
665 1377 835 1454 μαχεόμενοι
846 1373 973 1452 οὐδαμῶν

170 1466 227 1520 εἰσι
241 1463 364 1525 κακίονες
377 1462 490 1540 ἀνδρῶν,
505 1463 585 1526 α’λέες
599 1464 628 1523 δέ
642 1463 754 1541 ἄριστοι
767 1464 873 1541 ἀνδρῶν
886 1463 972 1524 άπάν-

168 1575 234 1608 των·
256 1550 396 1628 ἐλεύθεροι
414 1551 468 1632 γάρ
487 1552 576 1616 ἐόντες
590 1551 622 1612 ού
642 1553 733 1613 πάντα
752 1551 895 1630 ἐλεύθεροί
906 1557 970 1612 εἰσι·

169 1639 269 1698 ἔπεστι
281 1637 336 1720 γάρ
350 1647 405 1714 σφι
419 1640 557 1754 δεσπότης
571 1640 664 1752 νόμος,
677 1641 726 1702 τόν
744 1641 972 1717 ύποδειμαίνουσι

168 1727 301 1805 πολλῷ”
287 1753 325 1785 ετι
342 1727 487 1804 μαλλον
470 1755 488 1804 η
508 1733 534 1788 οἱ
550 1729 598 1788 σοὶ
618 1731 665 1799 σὲ
683 1734 796 1789 ποιεῦσι
814 1732 871 1837 γῶν
888 1755 924 1788 τα
937 1756 972 1789 αν

169 1818 272 1876 ἐκεῖνος
282 1815 384 1896 α’νάγη·
399 1814 499 1898 α’νιόγει
509 1817 588 1876 δὲ’
551 1817 638 1877 τωυτό
653 1820 713 1889 αἰεὶ,
729 1818 778 1877 ούκ
794 1823 844 1876 ἐῶν
858 1817 972 1927 φεύγειν

169 1901 250 1962 ούδέν
272 1905 380 1978 πλῆθος
400 1903 584 1982 α’νθρῶπων’
572 1933 602 1965 εκ
623 1933 724 1986 μαχης,
746 1905 823 1966 αλλὰ
839 1907 973 1982 μένοντας

169 1997 200 2050 ἐν
222 1995 258 2070 τῇ
280 1991 390 2060 τεύξει’
378 1993 548 2070 επικρατέειν
568 2021 587 2070 η
574 1993 802 2054 ἀπόλλυσθαι.
831 1995 879 2052 σοὶ
901 1994 930 2053 δὲ
948 1998 972 2054 εἰ

169 2079 307 2155 φαίνομαι
315 2085 403 2138 ταῦτα
413 2081 504 2162 λέγων
516 2083 676 2160 φλυηρέειν,
685 2081 779 2142 τᾶλλα
787 2087 872 2162 σιγᾶν
884 2083 971 2142 ἐθέλω

167 2166 203 2226 τό
216 2167 326 2239 λοιπόν,
341 2173 388 2228 νῦν
402 2169 431 2228 δὲ
446 2169 633 2251 ἀναγκασθεὶς
644 2171 735 2240 ἔλεξα·
751 2170 861 2252 γένοιτο
875 2172 970 2248 μέντοι

168 2253 241 2314 κατά
255 2255 319 2316 νόον
332 2283 383 2330 τοι,
398 2258 551 2333 13wa

210 2342 292 2402 0
258 2371 310 2421 μεν
323 2345 357 2421 δὴ
370 2350 458 2406 ταῦτα
471 2345 619 2458 άμείψατο·
640 2347 785 2456 Ξέρξηςδ
775 2348 951 2429 εέςγέλωτά
962 2351 1017 2407 105

167 2457 200 2490 τε
219 2434 324 2511 ἔτρεψε,
343 2435 388 2492 καὶ
405 2435 455 2494 οὐκ
472 2435 626 2511 ἐποιησατο
643 2435 730 2516 ὀργην
751 2435 970 2513 ούδεμίαν,α’λλ’

166 2520 256 2596 ἠπίως
270 2521 354 2582 αὐτόν
364 2523 560 2601 ἀπεπέμψατο.
587 2524 674 2603 τούτῳ
685 2524 740 2582 δέ
728 2544 755 2587 ες
768 2524 871 2605 λόγους
882 2525 971 2585 ἐλθῶν

167 2610 281 2685 Ξέρξης,
306 2613 351 2670 καὶ
373 2611 499 2691 ὕπαρχον
521 2617 549 2671 ἐν
570 2617 608 2691 τῷ
629 2583 759 2693 Δορίσκῳ
780 2612 867 2692 τούτῳ
889 2639 970 2672 κατα-

167 2696 280 2773 στήσας
304 2699 468 2777 Μασκάμην
491 2700 540 2760 τόν
564 2701 762 2782 Μεγαδόστεω,
786 2701 836 2760 τόν
877 2703 889 2758 ἐ
915 2699 970 2760 ύπό

167 2788 291 2863 Δαρείου
308 2789 448 2847 σταθέντα
467 2789 655 2860 καταπαύσας,
671 2790 804 2866 ἐξήλαυνε
821 2788 870 2848 τόν
886 2815 969 2864 στρα-

166 2874 217 2934 τόν
231 2875 276 2934 διό
294 2880 344 2952 τῆς
361 2878 481 2954 Θρηίκης
499 2878 543 2936 ἐπὶ
559 2879 610 2954 τήν
629 2877 763 2936 Ἐλλάδα.
807 2877 950 2935 Κατέλιπε
961 2879 1016 2954 106

166 2964 198 3022 δέ
219 2963 306 3042 ἄνδρα
325 2965 431 3024 τοιόνδε
457 2967 620 3042 Μασκάμην
644 2967 800 3046 γενόμενον,
821 2969 859 3044 τῷ
879 2965 969 3045 μούνῳ

167 3051 273 3126 Ξέρξης
285 3051 358 3128 δῶρα
369 3053 522 3128 πέμπεσκε,
535 3054 570 3116 ῶς
584 3053 757 3130 ἀριστεύοντι
767 3053 877 3112 πάντων
887 3052 970 3115 ὅσους

167 3140 327 3215 κατέστησε
345 3139 427 3203 αύτός
443 3139 461 3216 ἢ
476 3147 593 3217 Δαρεῖος
608 3141 758 3217 ύπάρχους·
780 3141 924 3214 πέμπεσκε
941 3139 970 3196 δέ

166 3227 220 3287 άνό
234 3231 292 3288 πᾶν
305 3229 374 3292 ἔτος·
396 3228 432 3292 ῶς
445 3229 474 3288 δὲ
489 3229 535 3288 καὶ
548 3227 731 3302 Ἀρταξέρξης
745 3225 760 3283 ό
774 3226 881 3301 Ξέρξεω
893 3228 970 3283 τοῖσι

166 3317 383 3394 Μασκαμείοισι
399 3315 549 3397 ἐκγόνοισι.
584 3313 761 3370 κατέστασαν
777 3312 831 3389 γὰρ
847 3312 885 3368 ἔτι
902 3309 969 3384 πρό-
