2276 3554
168 124 307 208 ιιι-ιιι]
533 138 646 191 mm.
918 146 965 194 ιιι

163 251 213 284 τον
235 223 367 304 ἀργυρίου
385 220 495 301 ἐκάστῳ
516 221 619 298 δωρεὴν
639 222 737 298 δίδωμι
760 224 811 298 τῆς
833 221 965 292 άξιῶσιος

165 313 256 371 εἵνεκα
272 314 324 386 τῆς
342 311 373 379 ἐξ
390 313 455 386 ἐμεῦ
473 313 572 390 γῆμαι,
586 310 632 369 καὶ
651 314 701 386 τῆς
722 311 753 380 ἐξ
773 311 850 370 οἴκου
863 309 964 386 άποδη

163 399 238 475 μίης·
259 402 297 478 τῶ
310 398 339 457 δὲ
351 396 543 474 Ἀλκμαίωνος
552 398 700 478 Μεγακλέἰ
713 402 802 479 ἐγγυῶ
816 398 903 458 παῖδα
915 397 967 475 την

163 485 234 562 ἐμὴν
247 484 426 566 Ἀγαρίστην,
442 483 556 561 νόμοισι
568 489 645 546 τοῖσι
657 484 835 562 Ἀθηναίων·”
876 487 966 564 φαμέ-

164 599 213 633 νου
237 573 267 632 δέ
290 573 446 653 ἐγγυᾶσθαι
467 574 641 653 Μεγακλέος,
663 571 814 650 ἐκεκύρωτο
837 573 853 633 ὁ
876 572 967 654 γάμος

164 660 342 721 Κλεισθένεϊ.

205 747 297 825 Ἀμφὶ
325 749 377 824 μέν
406 747 514 824 κρίσιος
541 751 598 808 τῶν
625 747 793 825 μνηστήρων
818 750 1008 808 τοσαῦτα131

164 835 283 915 ἐγένετο,
308 836 354 894 καὶ
378 835 449 894 οὕτω
472 835 689 912 Ἀλκμαιωνίδαι
716 837 888 913 ἐβώσθησαν
913 836 966 897 άνῶ

163 922 217 998 τήν
243 923 383 982 Ἑλλάδα·
414 921 519 984 τούτων
548 923 577 982 δέ
604 923 837 1000 συνοικησάντων,
861 925 967 1005 γίνεται

166 1011 341 1087 Κλεισθένης
363 1037 395 1070 τε
418 1009 434 1070 ό
455 1011 505 1074 τάς
526 1011 618 1087 φυλάς
641 1013 687 1070 καὶ
707 1012 759 1087 τήν
779 1012 967 1089 δημοκρατίην

164 1099 341 1176 Ἀθηναίοισι
354 1099 543 1174 καταστήσας,
566 1101 636 1178 ἔχων
657 1099 691 1160 τό
713 1099 818 1176 ούνομα
839 1099 895 1159 dna
917 1103 967 1160 τοῦ

165 1187 379 1264 μητροπάτορος
402 1191 452 1247 τοῦ
476 1188 635 1251 Σικυωνίου·
657 1186 737 1252 οὗτός
756 1215 787 1248 τε
808 1188 842 1264 δὴ
862 1189 968 1269 γίνεται

166 1275 321 1355 Μεγακλέϊ,
349 1275 396 1334 καὶ
418 1274 612 1352 Ἱπποκράτης.
654 1281 685 1336 ἐκ
709 1276 739 1336 δέ
761 1275 967 1353 Ἱπποκράτεος,

166 1365 335 1443 Μεγακλέης
348 1389 380 1422 τε
399 1362 495 1434 ἄλλος,
510 1363 556 1421 καὶ
568 1363 725 1445 Ἀγαρίστη
743 1364 828 1441 άλλη,
843 1363 899 1424 άπδ
917 1369 969 1440 τῆς

167 1452 356 1514 Κλεισθένεος
367 1450 538 1531 Ἀγαρίστης
559 1453 664 1530 ἔχουσα
681 1452 715 1512 τὸ
733 1451 847 1529 οὔνομα·
867 1451 968 1528 ἢσυν-

166 1538 311 1614 οικήσασά
332 1565 363 1599 τε
383 1540 536 1618 Ξανθίππῳ
557 1544 596 1618 τῷ
615 1539 783 1617 Ἀρίφρονος
805 1541 851 1599 καὶ
872 1542 969 1622 ἔγκυος

167 1629 255 1685 εὀὓσα
269 1627 323 1686 εἶδε
336 1626 401 1705 ὅφιν
415 1632 444 1686 ἐν
456 1631 495 1706 τῷ
507 1627 591 1707 ὕπνῳ·
607 1627 697 1704 ἐδόκεε
711 1628 740 1687 δέ
754 1630 855 1688 λέοντα
868 1633 967 1688 τεκεῖν·

167 1714 214 1772 καὶ
226 1713 286 1792 μετ’
300 1714 399 1796 όλίγος
411 1713 516 1792 ἡμέρας
528 1716 615 1776 τίκτει
629 1717 770 1794 Περικλέα
783 1717 946 1796 Ξανθίππῳ.

208 1802 291 1862 Μετά
304 1802 333 1861 δὲ
345 1802 379 1862 τό
393 1807 422 1862 ἐν
432 1805 586 1879 Μαραθῶνι
595 1808 692 1881 τρῶμα
705 1805 862 1885 γενόμενον,
872 1810 946 1864 Μιλ-
959 1807 1015 1864 132

166 1889 262 1967 τιάδης
287 1891 333 1949 καὶ
353 1890 489 1967 πρότερον
511 1890 675 1970 εὐδοκιμέων
695 1892 773 1970 παρά
793 1893 969 1968 Ἀθηναίοισι

166 1977 231 2038 τότε
252 1982 366 2055 μᾶλλον
383 1977 490 2048 αὔξετο·
511 1983 630 2055 αἰτῆσας
645 1979 675 2038 δέ
692 1981 755 2042 νέας
776 1980 970 2056 ἐβδομήκοντα

169 2066 216 2124 καὶ
237 2065 373 2142 στρατιήν
393 2092 424 2126 τε
446 2067 493 2125 καὶ
513 2067 645 2145 χρήματα
662 2067 727 2131 τούς
746 2066 917 2144 Ἀθηναίους,
936 2070 969 2129 ού

168 2153 284 2231 φράσας
310 2160 367 2230 σφι
390 2153 432 2213 ἐπ’
455 2153 491 2230 ἣν
513 2155 739 2231 ἐπιστρατεύεται
766 2156 867 2236 χώρην,
892 2155 970 2216 ἀλλὰ

169 2242 226 2318 φάς
244 2241 344 2305 αύτούς
366 2247 579 2302 καταπλουτιεῖν
598 2242 633 2319 ἧν
651 2246 678 2302 οἶ
700 2243 827 2303 ἕπωνται·
849 2246 895 2304 ἐπὶ
913 2246 968 2326 γάρ

167 2329 262 2408 χῶρην
277 2330 408 2406 τοιαύτην
421 2331 456 2406 δή
468 2357 530 2390 τινα
543 2330 618 2400 άξειν
632 2331 696 2392 ὅθεν
708 2332 817 2411 χρυσόν
838 2331 969 2397 εύπετέως

168 2416 296 2492 άφθονον
317 2419 452 2478 οἴσονται·
473 2420 564 2500 λέγων
584 2423 708 2490 τοιαῦτα,
732 2421 805 2480 αἴτεε
825 2419 876 2485 ταῖς
896 2423 968 2486 νέας·

167 2503 314 2582 Ἀθηναῖοι
327 2506 357 2565 δὲ
365 2505 492 2566 τούτοισι
505 2507 668 2584 ἐπαρθέντες
680 2509 849 2585 παρέδοσαν.
890 2515 949 2568 Πα-
960 2511 1015 2569 133

167 2593 307 2672 ραλαβῶν
328 2594 357 2653 δέ
377 2593 393 2654 ό
412 2595 569 2670 Μιλτιάδης
590 2595 642 2671 τὴν
663 2597 798 2672 στρατιήν
820 2599 901 2656 ἔπλεε
923 2600 968 2657 ἐπὶ

170 2683 277 2759 Πάρον,
291 2682 438 2760 πρόφασιν
456 2685 525 2762 ἔχων
546 2683 581 2746 ῶς
601 2687 627 2743 οἶ
641 2683 745 2760 Πάριοι
758 2684 884 2760 ὑπῆρξαν
902 2686 969 2762 πρό-

169 2795 245 2846 τεροι
266 2770 483 2849 στρατευόμενοι
505 2772 611 2848 τριήρεϊ
629 2777 656 2834 ἐς
677 2773 838 2849 Μαραθῶνα
856 2771 915 2850 ἅμα
932 2777 971 2852 τῷ

170 2859 283 2938 Πέρση.
325 2860 419 2939 (τοῦτο
436 2862 487 2936 μὲν
507 2860 541 2936 δὴ
562 2859 717 2937 πρόσχημα
733 2859 822 2941 λόγου
834 2859 877 2936 ἦν·
899 2860 970 2938 άτάρ

170 2972 232 3005 τινα
246 2947 292 3005 καὶ
306 2949 420 3029 ἔγκοτον
434 2947 491 3027 εἶχε
503 2952 579 3007 τοῖσι
593 2947 728 3024 Παρίοισι
743 2947 788 3006 διά
801 2948 971 3030 Λυσαγόρεα

169 3035 220 3095 τόν
241 3036 352 3109 Τισίεω,
379 3035 459 3095 ἐόντα
480 3037 560 3117 γένος
583 3036 700 3112 Πάριον,
725 3035 900 3110 διαβαλόντα
923 3063 972 3113 μιν

170 3124 242 3200 πρδς
253 3124 389 3200 Ὑδάρνεα
405 3124 455 3184 τόν
469 3126 607 3201 Πέρσην.)
649 3123 816 3196 ἀπικόμενος
831 3124 860 3179 δὲ
877 3128 904 3182 ἐς
919 3125 971 3196 την

171 3212 255 3271 ἐπλεε
271 3211 287 3272 ό
301 3211 459 3286 Μιλτιάδης
478 3217 513 3289 τῇ
531 3215 649 3286 στρατιῇ
664 3206 824 3279 ἐπολιόρκεε
839 3207 970 3278 Παρίους,

171 3300 388 3376 κατειλημένους
404 3299 479 3360 ε’ντδς
499 3299 614 3374 τείχεος·
636 3293 682 3351 καὶ
695 3290 845 3360 ἐσπέμπων
866 3288 970 3358 κήρυκα
