<?xml version="1.0" encoding="UTF-8"?>
<!DOCTYPE html PUBLIC "-//W3C//DTD XHTML 1.0 Transitional//EN"
    "http://www.w3.org/TR/xhtml1/DTD/xhtml1-transitional.dtd">
<html xmlns="http://www.w3.org/1999/xhtml" xml:lang="en" lang="en">
 <head>
  <title>
</title>
<meta http-equiv="Content-Type" content="text/html;charset=utf-8" />
  <meta name='ocr-system' content='tesseract 3.04.00' />
  <meta name='ocr-capabilities' content='ocr_page ocr_carea ocr_par ocr_line ocrx_word'/>
</head>
<body>
  <div class='ocr_page' id='page_1' title='image "./herodotusrecens00blakgoog_0051.png"; bbox 0 0 2258 3568; ppageno 0'>
   <div class='ocr_carea' id='block_1_1' title="bbox 135 163 969 1828">
    <p class='ocr_par' dir='ltr' id='par_1_1' title="bbox 135 163 969 1828">
     <span class='ocr_line' id='line_1_1' title="bbox 135 163 941 228; baseline 0.002 -16"><span class='ocrx_word' id='word_1_1' title='bbox 135 163 181 228; x_wconf 74' lang='grc' dir='ltr'>οι]</span> <span class='ocrx_word' id='word_1_2' title='bbox 444 167 647 215; x_wconf 71' lang='grc' dir='ltr'>πουοικονιι.</span> <span class='ocrx_word' id='word_1_3' title='bbox 910 167 941 214; x_wconf 78' lang='grc' dir='ltr'>ιι</span> 
     </span>
     <span class='ocr_line' id='line_1_2' title="bbox 138 245 942 325; baseline 0.002 -21"><span class='ocrx_word' id='word_1_4' title='bbox 138 245 254 306; x_wconf 77' lang='grc' dir='ltr'>ἐπὶτῶν</span> <span class='ocrx_word' id='word_1_5' title='bbox 269 245 372 323; x_wconf 88' lang='grc' dir='ltr'>θυρέων</span> <span class='ocrx_word' id='word_1_6' title='bbox 386 246 520 323; x_wconf 74' lang='grc' dir='ltr'>ἀλλήλων</span> <span class='ocrx_word' id='word_1_7' title='bbox 535 246 656 308; x_wconf 77' lang='grc' dir='ltr'>ἅπτοντο</span> <span class='ocrx_word' id='word_1_8' title='bbox 671 246 887 325; x_wconf 77' lang='grc' dir='ltr'>καταιτιώμενοι,</span> <span class='ocrx_word' id='word_1_9' title='bbox 897 247 942 306; x_wconf 80' lang='grc' dir='ltr'>καὶ</span> 
     </span>
     <span class='ocr_line' id='line_1_3' title="bbox 136 332 942 413; baseline 0.002 -19"><span class='ocrx_word' id='word_1_10' title='bbox 136 332 268 408; x_wconf 78' lang='grc' dir='ltr'>μώλωπα</span> <span class='ocrx_word' id='word_1_11' title='bbox 280 339 330 393; x_wconf 84' lang='grc' dir='ltr'>τοῦ</span> <span class='ocrx_word' id='word_1_12' title='bbox 344 335 455 413; x_wconf 78' lang='grc' dir='ltr'>πρώτου</span> <span class='ocrx_word' id='word_1_13' title='bbox 470 336 613 412; x_wconf 85' lang='grc' dir='ltr'>λαβόντος</span> <span class='ocrx_word' id='word_1_14' title='bbox 626 336 669 396; x_wconf 85' lang='grc' dir='ltr'>ὅτι</span> <span class='ocrx_word' id='word_1_15' title='bbox 690 336 740 396; x_wconf 78' lang='grc' dir='ltr'>οὐκ</span> <span class='ocrx_word' id='word_1_16' title='bbox 762 337 877 412; x_wconf 90' lang='grc' dir='ltr'>ἐποίησε</span> <span class='ocrx_word' id='word_1_17' title='bbox 896 363 942 396; x_wconf 90' lang='grc' dir='ltr'>κα·</span> 
     </span>
     <span class='ocr_line' id='line_1_4' title="bbox 136 422 942 507; baseline 0.004 -26"><span class='ocrx_word' id='word_1_18' title='bbox 136 423 175 484; x_wconf 76' lang='grc' dir='ltr'>τὰ</span> <span class='ocrx_word' id='word_1_19' title='bbox 195 422 231 482; x_wconf 76' lang='grc' dir='ltr'>τό</span> <span class='ocrx_word' id='word_1_20' title='bbox 252 423 413 504; x_wconf 81' lang='grc' dir='ltr'>δεδογμένα·</span> <span class='ocrx_word' id='word_1_21' title='bbox 438 425 494 488; x_wconf 82' lang='grc' dir='ltr'>ἐςδ</span> <span class='ocrx_word' id='word_1_22' title='bbox 512 424 546 500; x_wconf 90' lang='grc' dir='ltr'>δή</span> <span class='ocrx_word' id='word_1_23' title='bbox 559 431 624 500; x_wconf 92' lang='grc' dir='ltr'>σφι,</span> <span class='ocrx_word' id='word_1_24' title='bbox 638 426 741 504; x_wconf 87' lang='grc' dir='ltr'>χρόνου</span> <span class='ocrx_word' id='word_1_25' title='bbox 755 425 942 507; x_wconf 77' lang='grc' dir='ltr'>ἐγγινομένου,</span> 
     </span>
     <span class='ocr_line' id='line_1_5' title="bbox 139 511 942 592; baseline 0.006 -23"><span class='ocrx_word' id='word_1_26' title='bbox 139 511 216 581; x_wconf 78' lang='grc' dir='ltr'>ἔδοξε</span> <span class='ocrx_word' id='word_1_27' title='bbox 238 511 313 575; x_wconf 74' lang='grc' dir='ltr'>αὖτις</span> <span class='ocrx_word' id='word_1_28' title='bbox 336 513 529 590; x_wconf 87' lang='grc' dir='ltr'>παρελθόντας</span> <span class='ocrx_word' id='word_1_29' title='bbox 550 513 656 577; x_wconf 80' lang='grc' dir='ltr'>πάντας</span> <span class='ocrx_word' id='word_1_30' title='bbox 673 519 723 574; x_wconf 83' lang='grc' dir='ltr'>τοῦ</span> <span class='ocrx_word' id='word_1_31' title='bbox 742 514 831 590; x_wconf 91' lang='grc' dir='ltr'>φόνου</span> <span class='ocrx_word' id='word_1_32' title='bbox 845 515 942 592; x_wconf 89' lang='grc' dir='ltr'>μετίσ-</span> 
     </span>
     <span class='ocr_line' id='line_1_6' title="bbox 138 601 941 683; baseline 0.005 -25"><span class='ocrx_word' id='word_1_33' title='bbox 138 625 209 677; x_wconf 85' lang='grc' dir='ltr'>χειν.</span> <span class='ocrx_word' id='word_1_34' title='bbox 253 601 305 659; x_wconf 88' lang='grc' dir='ltr'>ἐδει</span> <span class='ocrx_word' id='word_1_35' title='bbox 320 601 348 659; x_wconf 81' lang='grc' dir='ltr'>δὲ</span> <span class='ocrx_word' id='word_1_36' title='bbox 364 607 393 659; x_wconf 87' lang='grc' dir='ltr'>ἐκ</span> <span class='ocrx_word' id='word_1_37' title='bbox 407 605 457 660; x_wconf 81' lang='grc' dir='ltr'>τοῦ</span> <span class='ocrx_word' id='word_1_38' title='bbox 471 601 619 664; x_wconf 86' lang='grc' dir='ltr'>Ἠετιωνος</span> <span class='ocrx_word' id='word_1_39' title='bbox 630 603 715 683; x_wconf 87' lang='grc' dir='ltr'>γόνου</span> <span class='ocrx_word' id='word_1_40' title='bbox 728 603 856 681; x_wconf 81' lang='grc' dir='ltr'>Κορίνθῳ</span> <span class='ocrx_word' id='word_1_41' title='bbox 871 602 941 662; x_wconf 72' lang='grc' dir='ltr'>κακὰ</span> 
     </span>
     <span class='ocr_line' id='line_1_7' title="bbox 139 687 944 771; baseline 0.005 -25"><span class='ocrx_word' id='word_1_42' title='bbox 139 687 343 763; x_wconf 74' lang='grc' dir='ltr'>ἀναβλαστεῖν·</span> <span class='ocrx_word' id='word_1_43' title='bbox 373 689 391 766; x_wconf 86' lang='grc' dir='ltr'>ή</span> <span class='ocrx_word' id='word_1_44' title='bbox 419 689 524 766; x_wconf 79' lang='grc' dir='ltr'>Λάβδα</span> <span class='ocrx_word' id='word_1_45' title='bbox 549 691 603 771; x_wconf 77' lang='grc' dir='ltr'>γὰρ</span> <span class='ocrx_word' id='word_1_46' title='bbox 630 690 722 750; x_wconf 79' lang='grc' dir='ltr'>πάντα</span> <span class='ocrx_word' id='word_1_47' title='bbox 748 695 835 750; x_wconf 82' lang='grc' dir='ltr'>ταῦτα</span> <span class='ocrx_word' id='word_1_48' title='bbox 861 689 944 766; x_wconf 83' lang='grc' dir='ltr'>ἤκουε</span> 
     </span>
     <span class='ocr_line' id='line_1_8' title="bbox 139 776 944 858; baseline 0.006 -24"><span class='ocrx_word' id='word_1_49' title='bbox 139 779 268 835; x_wconf 79' lang='grc' dir='ltr'>ἑστεῶσα</span> <span class='ocrx_word' id='word_1_50' title='bbox 283 776 353 854; x_wconf 78' lang='grc' dir='ltr'>πρός</span> <span class='ocrx_word' id='word_1_51' title='bbox 368 778 471 856; x_wconf 72' lang='grc' dir='ltr'>αὐτῇσι</span> <span class='ocrx_word' id='word_1_52' title='bbox 492 783 560 857; x_wconf 78' lang='grc' dir='ltr'>τῇσι</span> <span class='ocrx_word' id='word_1_53' title='bbox 583 779 693 858; x_wconf 80' lang='grc' dir='ltr'>θύρῃσι·</span> <span class='ocrx_word' id='word_1_54' title='bbox 716 779 837 839; x_wconf 88' lang='grc' dir='ltr'>δείσασα</span> <span class='ocrx_word' id='word_1_55' title='bbox 855 779 884 838; x_wconf 83' lang='grc' dir='ltr'>δὲ</span> <span class='ocrx_word' id='word_1_56' title='bbox 903 778 944 856; x_wconf 88' lang='grc' dir='ltr'>μή</span> 
     </span>
     <span class='ocr_line' id='line_1_9' title="bbox 139 865 945 944; baseline 0.004 -22"><span class='ocrx_word' id='word_1_57' title='bbox 139 870 197 938; x_wconf 89' lang='grc' dir='ltr'>σφι</span> <span class='ocrx_word' id='word_1_58' title='bbox 215 865 354 944; x_wconf 74' lang='grc' dir='ltr'>μεταδόξῃ</span> <span class='ocrx_word' id='word_1_59' title='bbox 375 866 420 924; x_wconf 84' lang='grc' dir='ltr'>καὶ</span> <span class='ocrx_word' id='word_1_60' title='bbox 441 866 473 925; x_wconf 79' lang='grc' dir='ltr'>τό</span> <span class='ocrx_word' id='word_1_61' title='bbox 492 866 619 944; x_wconf 86' lang='grc' dir='ltr'>δεύτερον</span> <span class='ocrx_word' id='word_1_62' title='bbox 635 867 774 944; x_wconf 77' lang='grc' dir='ltr'>λαβόντες</span> <span class='ocrx_word' id='word_1_63' title='bbox 787 867 820 927; x_wconf 85' lang='grc' dir='ltr'>τὸ</span> <span class='ocrx_word' id='word_1_64' title='bbox 834 867 945 926; x_wconf 89' lang='grc' dir='ltr'>παιδίον</span> 
     </span>
     <span class='ocr_line' id='line_1_10' title="bbox 139 951 969 1036; baseline 0.004 -25"><span class='ocrx_word' id='word_1_65' title='bbox 139 951 334 1024; x_wconf 73' lang='grc' dir='ltr'>ἀποκτείνωσι,</span> <span class='ocrx_word' id='word_1_66' title='bbox 351 955 480 1032; x_wconf 87' lang='grc' dir='ltr'>φέρουσα</span> <span class='ocrx_word' id='word_1_67' title='bbox 496 955 680 1031; x_wconf 80' lang='grc' dir='ltr'>κατακρύπτει</span> <span class='ocrx_word' id='word_1_68' title='bbox 700 962 726 1018; x_wconf 89' lang='grc' dir='ltr'>ἐς</span> <span class='ocrx_word' id='word_1_69' title='bbox 745 955 778 1015; x_wconf 78' lang='grc' dir='ltr'>τό</span> <span class='ocrx_word' id='word_1_70' title='bbox 799 954 944 1034; x_wconf 81' lang='grc' dir='ltr'>ώφραστό-</span> <span class='ocrx_word' id='word_1_71' title='bbox 967 1033 969 1036; x_wconf 21' lang='grc' dir='ltr'>Ι</span> 
     </span>
     <span class='ocr_line' id='line_1_11' title="bbox 139 1039 945 1122; baseline 0.007 -22"><span class='ocrx_word' id='word_1_72' title='bbox 139 1039 225 1101; x_wconf 89' lang='grc' dir='ltr'>τατόν</span> <span class='ocrx_word' id='word_1_73' title='bbox 243 1045 269 1100; x_wconf 79' lang='grc' dir='ltr'>οἱ</span> <span class='ocrx_word' id='word_1_74' title='bbox 289 1044 418 1118; x_wconf 91' lang='grc' dir='ltr'>ἐφαίνετο</span> <span class='ocrx_word' id='word_1_75' title='bbox 435 1043 511 1114; x_wconf 87' lang='grc' dir='ltr'>εἶναι,</span> <span class='ocrx_word' id='word_1_76' title='bbox 529 1049 555 1106; x_wconf 87' lang='grc' dir='ltr'>ἐς</span> <span class='ocrx_word' id='word_1_77' title='bbox 569 1045 709 1122; x_wconf 42' lang='grc' dir='ltr'>κυψέληνῖ</span> <span class='ocrx_word' id='word_1_78' title='bbox 724 1046 896 1121; x_wconf 92' lang='grc' dir='ltr'>ἐπισταμένη</span> <span class='ocrx_word' id='word_1_79' title='bbox 910 1042 945 1106; x_wconf 81' lang='grc' dir='ltr'>ώς</span> 
     </span>
     <span class='ocr_line' id='line_1_12' title="bbox 140 1128 945 1209; baseline 0.005 -23"><span class='ocrx_word' id='word_1_80' title='bbox 140 1133 164 1187; x_wconf 82' lang='grc' dir='ltr'>εἰ</span> <span class='ocrx_word' id='word_1_81' title='bbox 177 1128 406 1209; x_wconf 72' lang='grc' dir='ltr'>ὑποστρέψαντες</span> <span class='ocrx_word' id='word_1_82' title='bbox 421 1137 448 1194; x_wconf 85' lang='grc' dir='ltr'>ἐς</span> <span class='ocrx_word' id='word_1_83' title='bbox 463 1131 579 1207; x_wconf 82' lang='grc' dir='ltr'>ζήτησιν</span> <span class='ocrx_word' id='word_1_84' title='bbox 594 1131 749 1205; x_wconf 70' lang='grc' dir='ltr'>ἀπικοίατο,</span> <span class='ocrx_word' id='word_1_85' title='bbox 764 1131 856 1191; x_wconf 76' lang='grc' dir='ltr'>πάντα</span> <span class='ocrx_word' id='word_1_86' title='bbox 874 1137 945 1208; x_wconf 87' lang='grc' dir='ltr'>ἐρευ-</span> 
     </span>
     <span class='ocr_line' id='line_1_13' title="bbox 140 1216 946 1301; baseline 0.002 -25"><span class='ocrx_word' id='word_1_87' title='bbox 140 1216 239 1290; x_wconf 87' lang='grc' dir='ltr'>νήσειν</span> <span class='ocrx_word' id='word_1_88' title='bbox 251 1219 394 1294; x_wconf 85' lang='grc' dir='ltr'>μέλλοιεν·</span> <span class='ocrx_word' id='word_1_89' title='bbox 416 1219 452 1279; x_wconf 78' lang='grc' dir='ltr'>τοὶ</span> <span class='ocrx_word' id='word_1_90' title='bbox 467 1219 500 1297; x_wconf 79' lang='grc' dir='ltr'>δή</span> <span class='ocrx_word' id='word_1_91' title='bbox 516 1220 562 1278; x_wconf 83' lang='grc' dir='ltr'>καὶ</span> <span class='ocrx_word' id='word_1_92' title='bbox 577 1221 691 1301; x_wconf 89' lang='grc' dir='ltr'>ἐγίνετο.</span> <span class='ocrx_word' id='word_1_93' title='bbox 727 1221 844 1280; x_wconf 83' lang='grc' dir='ltr'>ἐλθοῦσι</span> <span class='ocrx_word' id='word_1_94' title='bbox 858 1220 887 1279; x_wconf 84' lang='grc' dir='ltr'>δέ</span> <span class='ocrx_word' id='word_1_95' title='bbox 901 1219 946 1278; x_wconf 84' lang='grc' dir='ltr'>καὶ</span> 
     </span>
     <span class='ocr_line' id='line_1_14' title="bbox 141 1305 946 1384; baseline 0.001 -20"><span class='ocrx_word' id='word_1_96' title='bbox 141 1305 314 1382; x_wconf 77' lang='grc' dir='ltr'>διζημένοισι</span> <span class='ocrx_word' id='word_1_97' title='bbox 329 1307 440 1368; x_wconf 84' lang='grc' dir='ltr'>αύτοῖσι</span> <span class='ocrx_word' id='word_1_98' title='bbox 460 1309 494 1372; x_wconf 83' lang='grc' dir='ltr'>ὦς</span> <span class='ocrx_word' id='word_1_99' title='bbox 516 1308 565 1368; x_wconf 79' lang='grc' dir='ltr'>οὐκ</span> <span class='ocrx_word' id='word_1_100' title='bbox 588 1309 726 1384; x_wconf 87' lang='grc' dir='ltr'>ἐφαίνετο,</span> <span class='ocrx_word' id='word_1_101' title='bbox 746 1307 836 1366; x_wconf 88' lang='grc' dir='ltr'>ἐδόκεε</span> <span class='ocrx_word' id='word_1_102' title='bbox 855 1307 946 1366; x_wconf 80' lang='grc' dir='ltr'>ἅπαλ-</span> 
     </span>
     <span class='ocr_line' id='line_1_15' title="bbox 141 1392 947 1477; baseline 0.007 -25"><span class='ocrx_word' id='word_1_103' title='bbox 141 1392 306 1455; x_wconf 83' lang='grc' dir='ltr'>λόσσεσθαι</span> <span class='ocrx_word' id='word_1_104' title='bbox 329 1397 374 1454; x_wconf 88' lang='grc' dir='ltr'>καὶ</span> <span class='ocrx_word' id='word_1_105' title='bbox 393 1397 486 1477; x_wconf 87' lang='grc' dir='ltr'>λέγειν</span> <span class='ocrx_word' id='word_1_106' title='bbox 507 1396 578 1474; x_wconf 82' lang='grc' dir='ltr'>πρός</span> <span class='ocrx_word' id='word_1_107' title='bbox 591 1397 655 1459; x_wconf 74' lang='grc' dir='ltr'>τούς</span> <span class='ocrx_word' id='word_1_108' title='bbox 669 1396 890 1475; x_wconf 76' lang='grc' dir='ltr'>ἀποπέμψαντας</span> <span class='ocrx_word' id='word_1_109' title='bbox 912 1395 947 1458; x_wconf 83' lang='grc' dir='ltr'>ώς</span> 
     </span>
     <span class='ocr_line' id='line_1_16' title="bbox 141 1481 943 1562; baseline 0.005 -22"><span class='ocrx_word' id='word_1_110' title='bbox 141 1481 232 1540; x_wconf 78' lang='grc' dir='ltr'>πάντα</span> <span class='ocrx_word' id='word_1_111' title='bbox 247 1483 395 1558; x_wconf 84' lang='grc' dir='ltr'>ποιήσειαν</span> <span class='ocrx_word' id='word_1_112' title='bbox 409 1485 444 1544; x_wconf 77' lang='grc' dir='ltr'>τό</span> <span class='ocrx_word' id='word_1_113' title='bbox 460 1489 557 1545; x_wconf 85' lang='grc' dir='ltr'>ἐκεῖνοι</span> <span class='ocrx_word' id='word_1_114' title='bbox 573 1486 755 1545; x_wconf 88' lang='grc' dir='ltr'>ἐνετείλαντο.</span> <span class='ocrx_word' id='word_1_115' title='bbox 797 1489 824 1544; x_wconf 79' lang='grc' dir='ltr'>οἱ</span> <span class='ocrx_word' id='word_1_116' title='bbox 839 1488 891 1562; x_wconf 86' lang='grc' dir='ltr'>μέν</span> <span class='ocrx_word' id='word_1_117' title='bbox 909 1483 943 1560; x_wconf 80' lang='grc' dir='ltr'>δή</span> 
     </span>
     <span class='ocr_line' id='line_1_17' title="bbox 140 1569 947 1652; baseline 0.006 -25"><span class='ocrx_word' id='word_1_118' title='bbox 140 1569 310 1634; x_wconf 86' lang='grc' dir='ltr'>α’πελθόντες</span> <span class='ocrx_word' id='word_1_119' title='bbox 325 1573 422 1652; x_wconf 80' lang='grc' dir='ltr'>ἔλεγον</span> <span class='ocrx_word' id='word_1_120' title='bbox 435 1577 533 1634; x_wconf 84' lang='grc' dir='ltr'>ταῦτα·</span> <span class='ocrx_word' id='word_1_121' title='bbox 556 1573 683 1633; x_wconf 85' lang='grc' dir='ltr'>Ἠετίωνι</span> <span class='ocrx_word' id='word_1_122' title='bbox 702 1573 731 1632; x_wconf 84' lang='grc' dir='ltr'>δὲ</span> <span class='ocrx_word' id='word_1_123' title='bbox 747 1574 817 1651; x_wconf 72' lang='grc' dir='ltr'>μετα</span> <span class='ocrx_word' id='word_1_124' title='bbox 829 1572 947 1632; x_wconf 84' lang='grc' dir='ltr'>ταῦταό</span> 
     </span>
     <span class='ocr_line' id='line_1_18' title="bbox 140 1658 947 1743; baseline 0.006 -27"><span class='ocrx_word' id='word_1_125' title='bbox 140 1658 207 1722; x_wconf 81' lang='grc' dir='ltr'>πόῖς</span> <span class='ocrx_word' id='word_1_126' title='bbox 217 1658 359 1728; x_wconf 79' lang='grc' dir='ltr'>αύξόνετο·</span> <span class='ocrx_word' id='word_1_127' title='bbox 375 1662 423 1719; x_wconf 90' lang='grc' dir='ltr'>καί</span> <span class='ocrx_word' id='word_1_128' title='bbox 436 1665 461 1720; x_wconf 81' lang='grc' dir='ltr'>οἱ</span> <span class='ocrx_word' id='word_1_129' title='bbox 477 1661 642 1743; x_wconf 82' lang='grc' dir='ltr'>διαφυγόντι</span> <span class='ocrx_word' id='word_1_130' title='bbox 655 1667 754 1721; x_wconf 81' lang='grc' dir='ltr'>τοῦτον</span> <span class='ocrx_word' id='word_1_131' title='bbox 763 1661 813 1722; x_wconf 71' lang='grc' dir='ltr'>τόν</span> <span class='ocrx_word' id='word_1_132' title='bbox 824 1662 947 1721; x_wconf 88' lang='grc' dir='ltr'>κίνδυνον</span> 
     </span>
     <span class='ocr_line' id='line_1_19' title="bbox 141 1745 948 1828; baseline 0.004 -23"><span class='ocrx_word' id='word_1_133' title='bbox 141 1745 197 1807; x_wconf 80' lang='grc' dir='ltr'>όπδ</span> <span class='ocrx_word' id='word_1_134' title='bbox 212 1752 262 1823; x_wconf 83' lang='grc' dir='ltr'>τῆς</span> <span class='ocrx_word' id='word_1_135' title='bbox 276 1751 398 1826; x_wconf 81' lang='grc' dir='ltr'>κυψέλης</span> <span class='ocrx_word' id='word_1_136' title='bbox 414 1751 572 1827; x_wconf 86' lang='grc' dir='ltr'>ἐπωνυμίην</span> <span class='ocrx_word' id='word_1_137' title='bbox 587 1749 720 1828; x_wconf 87' lang='grc' dir='ltr'>Κύψελος</span> <span class='ocrx_word' id='word_1_138' title='bbox 737 1749 842 1827; x_wconf 78' lang='grc' dir='ltr'>οὕνομα</span> <span class='ocrx_word' id='word_1_139' title='bbox 858 1750 948 1824; x_wconf 86' lang='grc' dir='ltr'>ἐτέθη.</span> 
     </span>
    </p>
   </div>
   <div class='ocr_carea' id='block_1_2' title="bbox 140 1835 948 2278">
    <p class='ocr_par' dir='ltr' id='par_1_2' title="bbox 140 1835 948 2178">
     <span class='ocr_line' id='line_1_20' title="bbox 141 1835 944 1919; baseline 0.002 -25"><span class='ocrx_word' id='word_1_140' title='bbox 141 1835 307 1913; x_wconf 87' lang='grc' dir='ltr'>α’νδρωθέντι</span> <span class='ocrx_word' id='word_1_141' title='bbox 322 1838 350 1897; x_wconf 80' lang='grc' dir='ltr'>δὲ</span> <span class='ocrx_word' id='word_1_142' title='bbox 365 1839 410 1897; x_wconf 82' lang='grc' dir='ltr'>καὶ</span> <span class='ocrx_word' id='word_1_143' title='bbox 424 1840 616 1917; x_wconf 78' lang='grc' dir='ltr'>μαντευομένῳ</span> <span class='ocrx_word' id='word_1_144' title='bbox 631 1840 755 1917; x_wconf 85' lang='grc' dir='ltr'>Κυψέλῳ</span> <span class='ocrx_word' id='word_1_145' title='bbox 770 1839 878 1919; x_wconf 88' lang='grc' dir='ltr'>ἐγένετο</span> <span class='ocrx_word' id='word_1_146' title='bbox 894 1836 944 1914; x_wconf 81' lang='grc' dir='ltr'>όμ-</span> 
     </span>
     <span class='ocr_line' id='line_1_21' title="bbox 142 1925 948 2006; baseline 0.002 -24"><span class='ocrx_word' id='word_1_147' title='bbox 142 1925 267 1999; x_wconf 81' lang='grc' dir='ltr'>φιδέξιον</span> <span class='ocrx_word' id='word_1_148' title='bbox 285 1925 459 2004; x_wconf 86' lang='grc' dir='ltr'>χρηστήριον</span> <span class='ocrx_word' id='word_1_149' title='bbox 475 1933 503 1986; x_wconf 92' lang='grc' dir='ltr'>ἐν</span> <span class='ocrx_word' id='word_1_150' title='bbox 518 1929 671 2001; x_wconf 82' lang='grc' dir='ltr'>Δελφοῖσι,</span> <span class='ocrx_word' id='word_1_151' title='bbox 686 1931 724 2004; x_wconf 80' lang='grc' dir='ltr'>τῷ</span> <span class='ocrx_word' id='word_1_152' title='bbox 737 1927 854 1988; x_wconf 88' lang='grc' dir='ltr'>πίσυνος</span> <span class='ocrx_word' id='word_1_153' title='bbox 871 1925 948 2006; x_wconf 89' lang='grc' dir='ltr'>γενό-</span> 
     </span>
     <span class='ocr_line' id='line_1_22' title="bbox 140 2013 948 2094; baseline -0.001 -22"><span class='ocrx_word' id='word_1_154' title='bbox 140 2039 225 2089; x_wconf 88' lang='grc' dir='ltr'>μενος</span> <span class='ocrx_word' id='word_1_155' title='bbox 239 2015 406 2093; x_wconf 85' lang='grc' dir='ltr'>ἐπεχείρησέ</span> <span class='ocrx_word' id='word_1_156' title='bbox 418 2041 448 2074; x_wconf 91' lang='grc' dir='ltr'>τε</span> <span class='ocrx_word' id='word_1_157' title='bbox 463 2017 509 2074; x_wconf 84' lang='grc' dir='ltr'>καὶ</span> <span class='ocrx_word' id='word_1_158' title='bbox 523 2017 591 2094; x_wconf 81' lang='grc' dir='ltr'>ἔσχε</span> <span class='ocrx_word' id='word_1_159' title='bbox 606 2015 755 2091; x_wconf 87' lang='grc' dir='ltr'>Κόρινθον.</span> <span class='ocrx_word' id='word_1_160' title='bbox 788 2013 803 2073; x_wconf 83' lang='grc' dir='ltr'>ὁ</span> <span class='ocrx_word' id='word_1_161' title='bbox 818 2013 847 2072; x_wconf 82' lang='grc' dir='ltr'>δὲ</span> <span class='ocrx_word' id='word_1_162' title='bbox 860 2039 948 2092; x_wconf 83' lang='grc' dir='ltr'>χρησ-</span> 
     </span>
     <span class='ocr_line' id='line_1_23' title="bbox 140 2100 327 2178; baseline -0.021 -14"><span class='ocrx_word' id='word_1_163' title='bbox 140 2100 195 2178; x_wconf 80' lang='grc' dir='ltr'>μός</span> <span class='ocrx_word' id='word_1_164' title='bbox 215 2100 262 2160; x_wconf 83' lang='grc' dir='ltr'>ὅδε</span> <span class='ocrx_word' id='word_1_165' title='bbox 284 2101 327 2177; x_wconf 83' lang='grc' dir='ltr'>ἢν·</span> 
     </span>
    </p>

    <p class='ocr_par' dir='ltr' id='par_1_3' title="bbox 236 2196 858 2278">
     <span class='ocr_line' id='line_1_24' title="bbox 236 2196 858 2278; baseline 0 -14"><span class='ocrx_word' id='word_1_166' title='bbox 236 2215 336 2278; x_wconf 81' lang='grc' dir='ltr'>Ὄλβιος</span> <span class='ocrx_word' id='word_1_167' title='bbox 349 2215 416 2265; x_wconf 79' lang='grc' dir='ltr'>οὗτος</span> <span class='ocrx_word' id='word_1_168' title='bbox 429 2196 487 2278; x_wconf 74' lang='grc' dir='ltr'>ώνὴρ</span> <span class='ocrx_word' id='word_1_169' title='bbox 500 2215 526 2265; x_wconf 81' lang='grc' dir='ltr'>ὃς</span> <span class='ocrx_word' id='word_1_170' title='bbox 538 2219 593 2272; x_wconf 74' lang='grc' dir='ltr'>ἐμὸν</span> <span class='ocrx_word' id='word_1_171' title='bbox 606 2217 676 2275; x_wconf 83' lang='grc' dir='ltr'>δόμον</span> <span class='ocrx_word' id='word_1_172' title='bbox 697 2216 858 2278; x_wconf 60' lang='grc' dir='ltr'>Ι(καταβαίνει</span> 
     </span>
    </p>
   </div>
   <div class='ocr_carea' id='block_1_3' title="bbox 242 2287 864 2420">
    <p class='ocr_par' dir='ltr' id='par_1_4' title="bbox 242 2287 864 2420">
     <span class='ocr_line' id='line_1_25' title="bbox 243 2287 864 2351; baseline 0 -16"><span class='ocrx_word' id='word_1_173' title='bbox 243 2287 485 2350; x_wconf 80' lang='grc' dir='ltr'>ΚύψελοςἨετίδης,</span> <span class='ocrx_word' id='word_1_174' title='bbox 500 2291 616 2351; x_wconf 78' lang='grc' dir='ltr'>βασιλεὺς</span> <span class='ocrx_word' id='word_1_175' title='bbox 625 2290 728 2336; x_wconf 84' lang='grc' dir='ltr'>κλειτοῖο</span> <span class='ocrx_word' id='word_1_176' title='bbox 740 2289 864 2350; x_wconf 72' lang='grc' dir='ltr'>Κορίνθου</span> 
     </span>
     <span class='ocr_line' id='line_1_26' title="bbox 242 2361 858 2420; baseline 0.002 -13"><span class='ocrx_word' id='word_1_177' title='bbox 242 2361 312 2409; x_wconf 82' lang='grc' dir='ltr'>αι’σὸς</span> <span class='ocrx_word' id='word_1_178' title='bbox 324 2361 363 2407; x_wconf 81' lang='grc' dir='ltr'>καὶ</span> <span class='ocrx_word' id='word_1_179' title='bbox 375 2362 465 2420; x_wconf 82' lang='grc' dir='ltr'>παῖδες,</span> <span class='ocrx_word' id='word_1_180' title='bbox 481 2363 571 2408; x_wconf 76' lang='grc' dir='ltr'>παίδων</span> <span class='ocrx_word' id='word_1_181' title='bbox 581 2377 612 2420; x_wconf 85' lang='grc' dir='ltr'>γε</span> <span class='ocrx_word' id='word_1_182' title='bbox 623 2362 666 2419; x_wconf 78' lang='grc' dir='ltr'>μὲν</span> <span class='ocrx_word' id='word_1_183' title='bbox 678 2362 756 2408; x_wconf 80' lang='grc' dir='ltr'>οὐκέτι</span> <span class='ocrx_word' id='word_1_184' title='bbox 768 2363 858 2410; x_wconf 81' lang='grc' dir='ltr'>παῖδες.</span> 
     </span>
    </p>
   </div>
   <div class='ocr_carea' id='block_1_4' title="bbox 142 2457 1001 3421">
    <p class='ocr_par' dir='ltr' id='par_1_5' title="bbox 142 2457 1001 3421">
     <span class='ocr_line' id='line_1_27' title="bbox 142 2457 1001 2536; baseline 0.002 -20"><span class='ocrx_word' id='word_1_185' title='bbox 142 2457 183 2517; x_wconf 79' lang='grc' dir='ltr'>Τό</span> <span class='ocrx_word' id='word_1_186' title='bbox 197 2459 249 2533; x_wconf 73' lang='grc' dir='ltr'>μὲν</span> <span class='ocrx_word' id='word_1_187' title='bbox 264 2457 297 2532; x_wconf 80' lang='grc' dir='ltr'>δή</span> <span class='ocrx_word' id='word_1_188' title='bbox 312 2458 484 2536; x_wconf 85' lang='grc' dir='ltr'>χρηστήριον</span> <span class='ocrx_word' id='word_1_189' title='bbox 498 2463 581 2518; x_wconf 78' lang='grc' dir='ltr'>τοῦτο</span> <span class='ocrx_word' id='word_1_190' title='bbox 595 2457 638 2533; x_wconf 83' lang='grc' dir='ltr'>ἦν.</span> <span class='ocrx_word' id='word_1_191' title='bbox 680 2459 865 2535; x_wconf 78' lang='grc' dir='ltr'>τυραννεύσας</span> <span class='ocrx_word' id='word_1_192' title='bbox 884 2457 947 2518; x_wconf 81' lang='grc' dir='ltr'>δέό</span> <span class='ocrx_word' id='word_1_193' title='bbox 1000 2457 1001 2460; x_wconf 20' lang='lat'>¹</span> 
     </span>
     <span class='ocr_line' id='line_1_28' title="bbox 143 2545 946 2628; baseline 0.002 -24"><span class='ocrx_word' id='word_1_194' title='bbox 143 2546 287 2622; x_wconf 85' lang='grc' dir='ltr'>Κύψελος,</span> <span class='ocrx_word' id='word_1_195' title='bbox 299 2550 424 2608; x_wconf 86' lang='grc' dir='ltr'>τοιοῦτος</span> <span class='ocrx_word' id='word_1_196' title='bbox 438 2546 473 2622; x_wconf 90' lang='grc' dir='ltr'>δή</span> <span class='ocrx_word' id='word_1_197' title='bbox 485 2573 528 2608; x_wconf 95' lang='grc' dir='ltr'>τις</span> <span class='ocrx_word' id='word_1_198' title='bbox 542 2545 612 2622; x_wconf 82' lang='grc' dir='ltr'>α’νήρ</span> <span class='ocrx_word' id='word_1_199' title='bbox 624 2548 741 2628; x_wconf 89' lang='grc' dir='ltr'>ἐγένετο·</span> <span class='ocrx_word' id='word_1_200' title='bbox 755 2547 882 2610; x_wconf 78' lang='grc' dir='ltr'>πολλούς</span> <span class='ocrx_word' id='word_1_201' title='bbox 895 2549 946 2624; x_wconf 77' lang='grc' dir='ltr'>μὲν</span> 
     </span>
     <span class='ocr_line' id='line_1_29' title="bbox 145 2634 946 2713; baseline 0 -21"><span class='ocrx_word' id='word_1_202' title='bbox 145 2635 301 2710; x_wconf 82' lang='grc' dir='ltr'>Κορινθίων</span> <span class='ocrx_word' id='word_1_203' title='bbox 313 2634 412 2705; x_wconf 80' lang='grc' dir='ltr'>ἐδίωξε,</span> <span class='ocrx_word' id='word_1_204' title='bbox 421 2635 547 2697; x_wconf 74' lang='grc' dir='ltr'>πολλούς</span> <span class='ocrx_word' id='word_1_205' title='bbox 558 2635 587 2693; x_wconf 84' lang='grc' dir='ltr'>δὲ</span> <span class='ocrx_word' id='word_1_206' title='bbox 601 2635 751 2713; x_wconf 81' lang='grc' dir='ltr'>χρημάτων</span> <span class='ocrx_word' id='word_1_207' title='bbox 761 2634 946 2712; x_wconf 75' lang='grc' dir='ltr'>ἀπεστέρησε,</span> 
     </span>
     <span class='ocr_line' id='line_1_30' title="bbox 142 2721 947 2802; baseline 0 -22"><span class='ocrx_word' id='word_1_208' title='bbox 142 2726 244 2800; x_wconf 76' lang='grc' dir='ltr'>πολλῷ</span> <span class='ocrx_word' id='word_1_209' title='bbox 268 2721 291 2780; x_wconf 89' lang='grc' dir='ltr'>δ’</span> <span class='ocrx_word' id='word_1_210' title='bbox 315 2724 353 2781; x_wconf 84' lang='grc' dir='ltr'>ἐτι</span> <span class='ocrx_word' id='word_1_211' title='bbox 376 2724 527 2786; x_wconf 88' lang='grc' dir='ltr'>πλείστους</span> <span class='ocrx_word' id='word_1_212' title='bbox 549 2727 600 2798; x_wconf 83' lang='grc' dir='ltr'>τῆς</span> <span class='ocrx_word' id='word_1_213' title='bbox 621 2727 722 2802; x_wconf 83' lang='grc' dir='ltr'>ψυχῆς</span> <span class='ocrx_word' id='word_1_214' title='bbox 764 2722 897 2800; x_wconf 80' lang='grc' dir='ltr'>ἄρξαντος</span> <span class='ocrx_word' id='word_1_215' title='bbox 918 2722 947 2781; x_wconf 83' lang='grc' dir='ltr'>δὲ</span> 
     </span>
     <span class='ocr_line' id='line_1_31' title="bbox 142 2810 948 2886; baseline -0.002 -16"><span class='ocrx_word' id='word_1_216' title='bbox 142 2810 244 2870; x_wconf 90' lang='grc' dir='ltr'>τούτου</span> <span class='ocrx_word' id='word_1_217' title='bbox 260 2813 305 2869; x_wconf 86' lang='grc' dir='ltr'>ἐπὶ</span> <span class='ocrx_word' id='word_1_218' title='bbox 318 2811 466 2886; x_wconf 83' lang='grc' dir='ltr'>τριήκοντα</span> <span class='ocrx_word' id='word_1_219' title='bbox 478 2813 538 2870; x_wconf 81' lang='grc' dir='ltr'>ἔτεα</span> <span class='ocrx_word' id='word_1_220' title='bbox 553 2813 598 2870; x_wconf 87' lang='grc' dir='ltr'>καὶ</span> <span class='ocrx_word' id='word_1_221' title='bbox 609 2812 809 2880; x_wconf 81' lang='grc' dir='ltr'>διαπλέξαντος</span> <span class='ocrx_word' id='word_1_222' title='bbox 819 2811 868 2870; x_wconf 85' lang='grc' dir='ltr'>τόν</span> <span class='ocrx_word' id='word_1_223' title='bbox 881 2811 948 2886; x_wconf 86' lang='grc' dir='ltr'>βίον</span> 
     </span>
     <span class='ocr_line' id='line_1_32' title="bbox 144 2898 948 2979; baseline 0 -21"><span class='ocrx_word' id='word_1_224' title='bbox 144 2898 183 2970; x_wconf 79' lang='grc' dir='ltr'>εὖ,</span> <span class='ocrx_word' id='word_1_225' title='bbox 205 2899 334 2979; x_wconf 76' lang='grc' dir='ltr'>διάδοχός</span> <span class='ocrx_word' id='word_1_226' title='bbox 356 2903 382 2958; x_wconf 82' lang='grc' dir='ltr'>οἱ</span> <span class='ocrx_word' id='word_1_227' title='bbox 404 2904 454 2976; x_wconf 77' lang='grc' dir='ltr'>τῆς</span> <span class='ocrx_word' id='word_1_228' title='bbox 475 2901 633 2977; x_wconf 88' lang='grc' dir='ltr'>τυραννίδος</span> <span class='ocrx_word' id='word_1_229' title='bbox 655 2900 670 2960; x_wconf 87' lang='grc' dir='ltr'>ὁ</span> <span class='ocrx_word' id='word_1_230' title='bbox 691 2904 756 2962; x_wconf 83' lang='grc' dir='ltr'>παῖς</span> <span class='ocrx_word' id='word_1_231' title='bbox 778 2900 948 2977; x_wconf 85' lang='grc' dir='ltr'>Περίανδρος</span> 
     </span>
     <span class='ocr_line' id='line_1_33' title="bbox 142 2987 946 3068; baseline 0.002 -22"><span class='ocrx_word' id='word_1_232' title='bbox 142 2989 260 3068; x_wconf 87' lang='grc' dir='ltr'>γίνεται.</span> <span class='ocrx_word' id='word_1_233' title='bbox 303 2988 318 3048; x_wconf 86' lang='grc' dir='ltr'>ό</span> <span class='ocrx_word' id='word_1_234' title='bbox 340 2991 432 3060; x_wconf 77' lang='grc' dir='ltr'>τοίνυν</span> <span class='ocrx_word' id='word_1_235' title='bbox 458 2990 628 3066; x_wconf 88' lang='grc' dir='ltr'>Περίανδρος</span> <span class='ocrx_word' id='word_1_236' title='bbox 650 2988 709 3048; x_wconf 91' lang='grc' dir='ltr'>κατ’</span> <span class='ocrx_word' id='word_1_237' title='bbox 731 2987 819 3068; x_wconf 77' lang='grc' dir='ltr'>ἀρχὰς</span> <span class='ocrx_word' id='word_1_238' title='bbox 840 2991 891 3064; x_wconf 79' lang='grc' dir='ltr'>μὲν</span> <span class='ocrx_word' id='word_1_239' title='bbox 911 2987 946 3063; x_wconf 76' lang='grc' dir='ltr'>ἦν</span> 
     </span>
     <span class='ocr_line' id='line_1_34' title="bbox 143 3075 947 3156; baseline -0.004 -20"><span class='ocrx_word' id='word_1_240' title='bbox 143 3076 298 3154; x_wconf 76' lang='grc' dir='ltr'>ἠπιώτερος</span> <span class='ocrx_word' id='word_1_241' title='bbox 311 3082 361 3136; x_wconf 83' lang='grc' dir='ltr'>τοῦ</span> <span class='ocrx_word' id='word_1_242' title='bbox 376 3078 489 3154; x_wconf 86' lang='grc' dir='ltr'>πατρός·</span> <span class='ocrx_word' id='word_1_243' title='bbox 513 3079 574 3136; x_wconf 82' lang='grc' dir='ltr'>ἐπεί</span> <span class='ocrx_word' id='word_1_244' title='bbox 590 3103 621 3136; x_wconf 92' lang='grc' dir='ltr'>τε</span> <span class='ocrx_word' id='word_1_245' title='bbox 635 3079 664 3137; x_wconf 85' lang='grc' dir='ltr'>δέ</span> <span class='ocrx_word' id='word_1_246' title='bbox 679 3077 805 3153; x_wconf 87' lang='grc' dir='ltr'>ώμίλησε</span> <span class='ocrx_word' id='word_1_247' title='bbox 820 3076 852 3134; x_wconf 88' lang='grc' dir='ltr'>δι’</span> <span class='ocrx_word' id='word_1_248' title='bbox 866 3075 947 3156; x_wconf 77' lang='grc' dir='ltr'>ἀγγέ-</span> 
     </span>
     <span class='ocr_line' id='line_1_35' title="bbox 143 3163 948 3245; baseline -0.005 -21"><span class='ocrx_word' id='word_1_249' title='bbox 143 3170 204 3226; x_wconf 88' lang='grc' dir='ltr'>λων</span> <span class='ocrx_word' id='word_1_250' title='bbox 223 3165 421 3245; x_wconf 81' lang='grc' dir='ltr'>Θρασυβούλῳ</span> <span class='ocrx_word' id='word_1_251' title='bbox 440 3170 478 3244; x_wconf 79' lang='grc' dir='ltr'>τῷ</span> <span class='ocrx_word' id='word_1_252' title='bbox 497 3165 628 3240; x_wconf 85' lang='grc' dir='ltr'>Μιλήτου</span> <span class='ocrx_word' id='word_1_253' title='bbox 642 3163 771 3241; x_wconf 77' lang='grc' dir='ltr'>τυράννῳ,</span> <span class='ocrx_word' id='word_1_254' title='bbox 788 3167 888 3240; x_wconf 77' lang='grc' dir='ltr'>πολλῷ</span> <span class='ocrx_word' id='word_1_255' title='bbox 908 3163 948 3220; x_wconf 83' lang='grc' dir='ltr'>ἔτι</span> 
     </span>
     <span class='ocr_line' id='line_1_36' title="bbox 145 3247 947 3335; baseline -0.01 -22"><span class='ocrx_word' id='word_1_256' title='bbox 145 3255 257 3335; x_wconf 88' lang='grc' dir='ltr'>ἐγένετο</span> <span class='ocrx_word' id='word_1_257' title='bbox 269 3255 404 3334; x_wconf 86' lang='grc' dir='ltr'>Κυψέλου</span> <span class='ocrx_word' id='word_1_258' title='bbox 418 3252 646 3330; x_wconf 89' lang='grc' dir='ltr'>μιαιφονώτερος.</span> <span class='ocrx_word' id='word_1_259' title='bbox 677 3250 790 3326; x_wconf 85' lang='grc' dir='ltr'>πέμψας</span> <span class='ocrx_word' id='word_1_260' title='bbox 803 3249 858 3329; x_wconf 75' lang='grc' dir='ltr'>γὰρ</span> <span class='ocrx_word' id='word_1_261' title='bbox 871 3247 947 3322; x_wconf 76' lang='grc' dir='ltr'>παρώ</span> 
     </span>
     <span class='ocr_line' id='line_1_37' title="bbox 144 3335 948 3421; baseline -0.012 -19"><span class='ocrx_word' id='word_1_262' title='bbox 144 3342 357 3421; x_wconf 81' lang='grc' dir='ltr'>Θρασύβουλον</span> <span class='ocrx_word' id='word_1_263' title='bbox 379 3342 492 3417; x_wconf 90' lang='grc' dir='ltr'>κήρυκα,</span> <span class='ocrx_word' id='word_1_264' title='bbox 508 3337 674 3400; x_wconf 78' lang='grc' dir='ltr'>ἐπυνθάνετο</span> <span class='ocrx_word' id='word_1_265' title='bbox 691 3335 784 3395; x_wconf 85' lang='grc' dir='ltr'>ὅντινα</span> <span class='ocrx_word' id='word_1_266' title='bbox 797 3335 830 3394; x_wconf 81' lang='grc' dir='ltr'>ἂν</span> <span class='ocrx_word' id='word_1_267' title='bbox 843 3335 948 3411; x_wconf 88' lang='grc' dir='ltr'>τρόπον</span> 
     </span>
    </p>
   </div>
   <div class='ocr_carea' id='block_1_5' title="bbox 0 0 1143 3568">
    <p class='ocr_par' dir='ltr' id='par_1_6' title="bbox 0 0 1143 3568">
     <span class='ocr_line' id='line_1_38' title="bbox 0 0 1143 3568; baseline 0 0"><span class='ocrx_word' id='word_1_268' title='bbox 0 0 1143 3568; x_wconf 95' lang='lat' dir='ltr'> </span> 
     </span>
    </p>
   </div>
  </div>
 </body>
</html>
