2258 3568
602 35 640 90 J}

192 163 223 211 οι
502 163 685 212 Ἠτοιουου
934 160 1000 225 [vl.

190 242 271 312 κακῶ,
285 243 397 322 χιλίῃσι
411 242 565 320 δραχμῇσι·
580 242 626 300 καὶ
637 241 773 311 ἐπέταξαν
782 242 881 319 μηκέτι
890 241 1002 318 μηδένα

190 332 317 410 χρᾶσθαι
329 329 417 409 τούτῳ
431 335 469 408 τῷ
482 330 607 406 δράματι.

143 420 180 476 22
232 419 363 494 Μίλητος
375 418 428 492 μέν
441 443 490 477 νυν
504 419 655 493 Μιλησίων
669 416 804 494 ε’ρήμωτο.
841 418 953 494 Σαμίων
968 419 1001 478 δὲ

189 507 269 566 τοῖσί
293 533 321 566 τι
351 507 447 585 ἔχουσι
470 505 503 566 vd
528 508 580 582 μὲν
603 511 630 568 ἐς
652 505 717 567 τούς
742 505 861 580 «Μήδους
886 510 915 563 ἐκ
941 510 1000 566 τῶν

189 597 355 676 στρατηγῶν
374 598 429 654 τῶν
447 596 592 672 σφετέρων
610 593 725 668 ποιηθέν
743 592 868 669 οὐδαμῶς
880 591 997 668 ἤρεσκε.

189 682 280 742 ἐδόκεε
290 683 319 742 δέ
329 681 401 760 μετά
410 681 463 759 τήν
473 682 630 760 ναυμαχίην
641 680 740 740 αὐτίκα
750 682 998 758 βουλευομένοισι,

189 772 255 847 πρὶν
274 769 294 847 ἤ
315 777 370 846 σφι
392 776 419 835 ἐς
439 770 491 846 τήν
511 770 604 850 χῶρην
621 767 773 829 ἀπικέσθαι
793 767 843 828 τδν
861 769 998 845 τύραννον

189 857 294 916 Αἰάκεα
308 863 335 921 ἐς
348 858 478 934 α’ποικίην
489 859 624 927 ἐκπλέειν,
638 857 709 934 μηδὲ
721 858 855 934 μένοντας
868 857 999 932 Μήδοισί

187 971 219 1004 τε
247 947 293 1004 καὶ
315 946 412 1004 Αἰάκεϊ
433 945 585 1006 δουλεύειν.
628 949 782 1027 Ζαγκλαῖοι
805 945 862 1026 γάρ
886 949 912 1004 οἶ
937 945 996 1007 άπδ

189 1035 318 1112 Σικελίης
330 1033 380 1094 τδν
395 1034 479 1095 αύτδν
492 1034 596 1113 χρόνον
611 1038 713 1094 τοῦτον
725 1035 888 1110 πέμποντες
902 1040 929 1097 ἐς
942 1035 997 1111 τήν

188 1121 293 1199 Ἰωνίην
307 1123 445 1203 ἀγγέλους
463 1125 647 1182 ἐπεκαλέοντο
665 1121 730 1184 τούς
740 1121 837 1184 Ἴωνας
851 1127 877 1184 ἐς
891 1123 996 1199 Καλὴν

185 1209 296 1286 Ἀκτὴν,
312 1210 484 1287 βουλόμενοι
503 1209 601 1270 αὐτόθι
615 1210 701 1269 πόλιν
717 1212 811 1268 κτίσαι
824 1209 931 1270 Ἰάνων.
975 1213 995 1288 ἠ

188 1297 218 1357 δέ
240 1299 324 1374 Καλή
347 1298 416 1374 αὕτη
433 1298 519 1374 'Ami
537 1299 693 1374 καλεομένη
712 1299 772 1356 ἐστι
789 1300 841 1373 μὲν
859 1299 993 1370 Σικελῶν,

186 1386 255 1463 πρδς
269 1387 298 1445 δὲ
311 1389 468 1463 Τυρσηνίην
477 1388 653 1464 τετραμμένη
662 1391 713 1463 τῆς
724 1387 861 1462 Σικελίης.
889 1387 994 1448 τούτων

186 1473 222 1533 ῶν
237 1476 465 1551 ἐπικαλεομένων,
480 1479 507 1535 οἱ
525 1476 627 1552 Σάμιοι
642 1478 741 1551 μοῦναι
756 1473 854 1534 Ἰῶνων
871 1475 992 1552 ἐστάλη

139 1565 176 1622 23
187 1589 242 1622 σαν
256 1562 309 1623 σύν
326 1561 358 1620 δέ
375 1571 431 1639 σφι
448 1565 599 1640 Μιλησίων
614 1555 865 1644 οἶέκπεφευγότες.
907 1563 993 1645 Ἐνῷ

184 1651 290 1710 τοιόνδε
306 1651 341 1727 δή
354 1678 380 1710 τι
395 1653 537 1728 συνήνεικε
556 1652 698 1732 γενέσθαι·
721 1650 824 1727 Σάμιοι
839 1651 894 1732 γάρ
913 1679 991 1729 κομι-

186 1739 296 1816 ζόμενοι
324 1745 351 1803 ἐς
379 1741 508 1815 Σικελίην
535 1740 659 1820 ἐγίνοντο
693 1744 721 1799 ἐν
748 1744 885 1816 Λοκροῖσι
912 1744 991 1802 τοῖσι

184 1827 416 1906 Ἐπιζεφυρίοισι,
432 1830 477 1887 καὶ
494 1832 649 1909 Ζαγκλαῖοι
663 1827 746 1888 αὗταί
761 1854 791 1886 τε
814 1830 859 1886 καὶ
873 1827 889 1887 ὁ
902 1831 989 1904 βασι·

183 1917 248 1980 λεύς
272 1917 369 1986 αὐτῶν,
395 1921 433 1996 τῷ
455 1915 560 1993 ούνομα
584 1915 619 1991 ἦν
647 1914 764 1991 Σκύθης,
791 1915 989 1993 περιεκατέατο

183 2004 268 2065 πόλιν
288 2009 343 2064 τῶν
365 2008 488 2069 Σικελῶν
510 2005 613 2074 ἐξελεῖν
631 2002 814 2080 βουλόμενοι·
841 2003 937 2080 μαθῶν
958 2005 989 2065 δέ

182 2097 270 2151 ταῦτα
283 2092 299 2152 ὁ
313 2093 427 2174 Ῥηγίου
443 2093 575 2170 τύραννος
591 2091 766 2161 Ἀναξίλεως,
780 2091 844 2151 τότε
861 2091 912 2151 ἐῶν
930 2092 988 2153 διά-

187 2188 275 2257 φορος
288 2185 365 2240 τοῖσι
380 2181 574 2261 Ζαγκλαίοισι,
594 2180 735 2256 συμμίξας
755 2183 832 2239 τοῖσι
852 2180 988 2255 Σαμίοισι

183 2267 325 2327 ἀναπείθει
346 2268 381 2331 ῶς
401 2268 486 2347 χρεῶν
508 2268 550 2342 εἴη
571 2267 673 2343 Καλην
693 2269 745 2342 μὲν
765 2265 868 2343 ’Am-»jv
889 2267 931 2326 ἐπ’
952 2269 988 2345 ἢν

182 2357 283 2415 ἔπλεον
304 2360 352 2415 ἐοῖν
372 2358 487 2434 χαίρειν,
505 2357 556 2432 την
577 2356 606 2414 δέ
627 2354 758 2436 Ζάγκλην
780 2360 861 2434 σχεῖν
883 2359 987 2417 ἐοῦσαν

182 2449 286 2521 ἐρῆμον
313 2444 427 2520 α’νδρῶν·
463 2444 633 2521 πειθομένων
660 2444 689 2502 δὲ
716 2447 770 2503 τῶν
799 2445 911 2521 Σαμίων
938 2446 986 2505 καὶ

181 2532 307 2610 σχόντων
333 2533 386 2608 την
410 2533 550 2613 Ζάγκλην,
578 2534 696 2616 ἐνθαῦτα
718 2534 744 2590 οἶ
771 2533 926 2612 Ζαγκλαῖοι
950 2532 987 2597 ῶς

182 2620 315 2680 ἐπύθοντο
330 2621 465 2700 ἐχομένην
477 2621 529 2695 τήν
540 2620 624 2680 πόλιν
636 2623 748 2690 ἑωυτῶν,
762 2619 899 2696 ἐβοήθεον
913 2620 985 2701 αὐτῇ

181 2711 226 2767 καὶ
247 2711 429 2768 ἐπεκαλέοντο
449 2709 635 2786 Ἱπποκράτεα
657 2707 707 2768 τῶν
724 2710 815 2785 Γέλης
835 2707 981 2786 τύραννον·

180 2797 214 2874 ἦν
231 2799 286 2880 γὰρ
306 2799 341 2878 δή
362 2807 417 2875 σφι
434 2797 515 2862 οὗτος
529 2797 688 2877 σύμμαχος·
711 2798 774 2856 ἐπεί
783 2821 814 2856 τε
828 2797 857 2855 δὲ
871 2797 983 2858 αύτοῖσι

182 2889 227 2945 καὶ
247 2886 263 2946 ὁ
283 2886 468 2963 Ἱπποκράτης
492 2887 545 2946 σύν
568 2889 604 2965 τῇ
627 2888 746 2964 στρατιῇ
769 2883 819 2961 ἧκε
843 2885 982 2961 βοηθέων,

126 3044 127 3048 ¹
180 2975 289 3050 Σκύθην
307 2978 359 3050 μὲν
376 2975 425 3034 τόν
445 2973 606 3052 μούναρχον
620 2978 675 3032 τῶν
689 2973 853 3054 Ζαγκλαίων
869 2971 982 3048 άποβα-

179 3063 266 3122 λόντα
287 3063 338 3137 τὴν
360 3061 445 3122 πόλιν
465 3059 482 3120 ὁ
503 3060 688 3137 Ἱπποκράτης
709 3062 842 3137 πεδήσας,
864 3061 911 3120 καὶ
931 3061 982 3122 τῶν

178 3150 317 3225 α’δελφεόν
339 3150 423 3208 αύτοῦ
446 3150 617 3228 Πυθογένεα,
642 3155 668 3210 ἐς
682 3148 791 3209 Ἴνυκον
812 3149 900 3208 πόλιν
913 3149 982 3210 άπέ·

177 3246 280 3314 πέμψε·
301 3238 365 3299 τούς
385 3238 414 3296 δὲ
435 3236 551 3298 λοιπούς
572 3239 746 3316 Ζαγκλαίους
776 3238 981 3318 κοινολογησά-

176 3350 258 3401 μενος
277 3327 353 3383 τοῖσι
367 3326 501 3400 Σαμίοισι
514 3324 560 3382 καὶ
574 3323 670 3400 ὅρκους
686 3324 748 3387 δούς
761 3323 808 3384 καὶ
821 3325 980 3400 δεξάμενος,
