2276 3554
183 122 293 188 ιι-ιο]
504 108 692 174 nomm.
938 125 983 176 ιιι

182 206 244 264 ἐπεὶ
261 205 291 265 δέ
306 205 436 284 δαιμονίη
447 230 491 270 τις
501 205 609 286 γίνεται
629 204 713 284 άρμῆ,
727 203 775 265 καὶ
784 203 937 282 Ἕλληνας,
951 205 987 271 «k

181 294 262 365 ἐοικε,
281 294 376 372 φθορή
394 319 437 357 τις
459 292 674 371 καταλαμβάνει
696 291 841 369 θεήλατος,
864 293 919 376 ἐγά
935 295 988 373 μέν

180 383 229 441 καὶ
252 381 335 445 αύτδς
356 382 499 459 τράπομαι
520 382 567 440 καὶ
587 380 640 457 τὴν
660 380 774 462 γνιύμην
794 382 986 460 μετατίθεμαι·

179 469 219 530 σύ
234 469 264 529 δέ
277 469 406 549 σήμηνον
426 473 479 547 μὲν
491 470 625 549 Πέρσησι
639 469 675 529 τά
688 474 719 528 ἐκ
732 470 863 542 τοΰθεοῦ
879 469 987 548 πεμπά-

179 583 261 634 μενα,
274 559 399 637 χρῆσθαι
413 558 443 618 δέ
456 558 552 617 κέλευε
564 561 642 618 τοῖσι
656 562 686 616 ἐκ
700 557 752 618 σέο
765 556 903 635 πριύτοισι
919 585 986 636 προ-

180 647 354 724 ειρημένοισι
368 652 395 710 ἐς
408 645 461 722 τήν
475 645 665 723 παρασκευήν·
686 645 764 704 ποίεε
778 645 808 705 δέ
818 644 897 716 οὕτω,
908 645 986 718 ὅςιος,

178 737 232 794 τοῦ
253 735 319 795 θεοῦ
341 733 549 812 παραδιδόντος,
573 736 629 793 τῶν
648 735 709 793 σῶν
730 732 856 809 ἐνδεήσει
875 733 987 810 μηδέν.”

180 821 290 882 τούτων
304 822 470 902 λεχθέντων,
487 822 607 882 ἐνθαῦτα
625 821 789 898 ἐπαρθέντες
806 823 843 901 τῇ
863 819 935 900 ὄψει,
952 821 987 886 οἷς

178 909 271 988 ἡμέρη
285 912 395 991 ἐγένετο
407 911 539 990 τάχιστα,
548 909 655 987 Ξέρξης
663 935 695 970 τε
707 908 886 988 ὑπερετίθετο
898 913 986 970 ταῦτα

180 999 324 1077 Πέρσησι,
339 999 385 1058 καὶ
397 996 583 1076 Ἀρτάβανος,
599 996 629 1062 ὃς
649 996 786 1076 πρότερον
802 996 987 1059 ἀποσπεύδων

179 1091 283 1165 μοῦνος
296 1088 435 1164 ἐφαίνετο,
445 1086 510 1147 τάτε
523 1086 697 1170 ἐπισπεύδων
710 1086 832 1163 φανεράς
844 1085 888 1162 ἦν.

220 1174 386 1256 Ὡρμημένιρ
402 1176 432 1235 δέ
445 1175 537 1254 Ξέρξη
558 1175 786 1253 στρατηλατέειν,
804 1175 876 1253 μετά
896 1178 984 1236 ταῦτα
996 1177 1031 1238 19

179 1263 259 1340 τρίτη
273 1261 337 1341 ὄψις
350 1269 379 1324 ἐν
392 1267 431 1343 τῷ
443 1262 519 1344 ύπνιρ
533 1265 650 1344 ἐγένετο,
664 1263 716 1340 τὴν
729 1266 757 1324 οἶ
769 1262 857 1346 μάγοι
878 1265 986 1341 ἐκρινιιν

179 1349 351 1416 άκούσαντες
368 1353 465 1430 φέρειν
476 1378 508 1412 τε
522 1352 568 1411 ἐπὶ
581 1355 679 1412 πάσαν
694 1356 756 1434 γῆν,
771 1351 933 1413 δουλεύσειν
952 1354 987 1412 τέ

178 1442 207 1499 οἱ
225 1438 332 1504 πάντας
349 1439 519 1518 άνθριύπους.
561 1438 580 1516 ἡ
601 1439 631 1500 δέ
650 1439 715 1519 ὄψις
727 1439 763 1516 ἦν
777 1438 836 1516 ἥδε·
857 1439 949 1502 ἐδόκεε
968 1440 985 1502 ά

178 1528 287 1605 Ξέρξης
308 1529 525 1604 ἐστεφανῶσθαι
548 1529 643 1605 ἐλαίης
665 1529 772 1608 OM·
800 1527 857 1588 άπδ
881 1529 911 1589 δέ
934 1533 987 1606 τῆς

179 1615 277 1692 ἐλαίης
294 1616 360 1680 τούς
376 1615 496 1680 κλάδους
508 1621 563 1698 γῆν
579 1619 677 1677 πᾶσαν
697 1619 835 1696 ἐπισχεῖν·
855 1616 928 1694 μετά
946 1617 984 1687 δέ,

178 1702 375 1781 άψανισθῆναι
387 1704 452 1782 περὶ
465 1707 501 1784 τῇ
514 1708 627 1784 κεφαλῇ
638 1706 763 1781 κείμενον
773 1704 823 1766 τδν
833 1705 982 1780 στέφανον.

179 1791 330 1869 κρινάντων
352 1792 382 1852 δέ
402 1791 491 1872 ταύτῃ
514 1796 570 1854 τῶν
592 1793 697 1874 μάγων,
720 1793 855 1870 Περσέων
875 1819 907 1854 τε
929 1797 984 1854 τῶν

179 1881 395 1958 συλλεχθέντων
415 1879 514 1941 αύτίκα
536 1884 591 1944 πιῖς
612 1880 682 1959 άνῆρ
705 1886 732 1945 ἐς
752 1880 805 1958 την
824 1880 916 1960 ἀρχὴν
933 1880 985 1957 τὴν

179 1971 283 2028 ἐωιτοΰ
302 1967 457 2040 ἀπελάσας,
474 1968 532 2048 εἶχε
552 1969 710 2047 προθυμίην
729 1972 827 2030 πᾶσαν
845 1970 891 2028 ἐπὶ
908 1974 990 2030 τοῖσι·

179 2056 360 2134 εἰρημένοισι,
385 2057 475 2118 θέλων
501 2056 585 2120 αύτδς
612 2058 729 2121 ἕκαστος
754 2057 790 2117 τά
816 2058 985 2135 προκείμενα

179 2144 256 2222 δῶρα
276 2146 392 2222 λαβεῖν·
417 2147 464 2204 καὶ
486 2146 593 2223 Ξέρξης
612 2149 662 2206 τοῦ
681 2149 804 2224 στρατοῦ
827 2144 897 2207 ούτιο
919 2144 984 2206 ἐπά-

178 2257 280 2314 γερσιν
295 2233 426 2304 ποιέεται,
440 2239 533 2313 χῶρον
550 2233 643 2295 πάντα
664 2238 778 2310 ἐρευνῶν
792 2238 843 2310 τῆς
858 2233 983 2312 ἠπείρου.

177 2318 252 2381 Ἀπδ
267 2320 323 2402 γάρ
337 2321 481 2403 Αἰγύπτου
497 2321 628 2392 άλοίσιος,
644 2323 689 2382 ἐπὶ
708 2325 761 2400 μέν
780 2323 904 2400 τέσσερα
922 2324 1031 2384 ἐτεαδθ

177 2408 291 2487 πλήρεα
310 2411 484 2488 παραρτέετο
502 2410 639 2488 στρατιήν
656 2437 687 2472 τε
705 2412 751 2470 καὶ
772 2410 807 2471 τά
828 2409 983 2490 πρόσφορα

177 2500 216 2577 τῇ
233 2502 364 2577 στρατιῇ·
384 2499 502 2578 πέμπτῳ
521 2500 551 2558 δέ
570 2500 624 2558 ἔτεϊ
639 2498 762 2579 άνομίνιρ
778 2498 984 2576 ἐστρατηλάτεε

177 2585 253 2666 χειρὶ
265 2586 379 2668 μεγάλη
395 2587 528 2664 πλήθεος.
570 2585 682 2647 στόλων
694 2587 758 2667 γάρ,
771 2590 827 2646 τῶν
845 2586 925 2664 ἡμεῖς
945 2587 983 2646 ίδ-

177 2699 239 2752 μεν,
252 2677 354 2754 πολλῷ
374 2675 408 2752 δὴ
428 2676 563 2757 μέγιστος
577 2673 657 2739 οὗτος
676 2677 793 2757 ἐγένετο·
816 2673 890 2736 ὥστε
909 2675 981 2752 μήτε

177 2762 229 2822 τδν
242 2763 364 2840 Δαρείου
377 2763 427 2824 τάν
441 2765 486 2823 ἐπὶ
500 2764 608 2829 Σκύθας
620 2764 697 2841 παρά
709 2768 810 2824 τοῦτον
820 2763 907 2840 μηδὲν
917 2765 981 2840 ψαί-

177 2851 287 2921 νεσθαι,
308 2850 380 2928 μήτε
397 2851 447 2912 τδν
461 2851 606 2922 Σκυθικδν,
627 2850 674 2912 ὅτε
690 2851 796 2915 Σκύθαι
810 2853 982 2930 Κιμμερίους

177 2937 323 3003 διώκοντες
336 2945 364 3003 ἐς
376 2941 428 3016 την
441 2939 572 3016 Μηδικὴν
584 2939 678 3019 χύρην
692 2937 866 3016 ἐμβαλόντες
879 2940 983 3018 σχεδδν

176 3026 272 3088 πάντα
283 3027 320 3088 τιέ
334 3026 389 3087 άνω
398 3031 449 3103 τῆς
461 3026 561 3104 Ἀσίης
571 3027 831 3104 καταστρεψάμενοι
842 3027 981 3102 ἐνέμοντο·

176 3120 234 3175 τῶν
247 3115 350 3176 εἵνεκεν
369 3113 489 3192 ὕστερον
503 3119 621 3190 Δαρεῖος
635 3112 805 3188 ἐτιμωρέετο·
826 3111 898 3184 μήτε
912 3111 981 3167 κατά

176 3203 212 3262 τά
228 3201 372 3284 λεγόμενα
383 3200 434 3262 τδν
445 3201 606 3277 Ἀτρειδέων
620 3204 647 3260 ἐς
655 3197 754 3261 Ἴλιον,
767 3193 838 3266 μήτε
858 3193 907 3248 τὸν
921 3197 981 3248 Mv·

176 3295 238 3350 σῶν
257 3315 290 3350 τε
311 3291 357 3348 καὶ
370 3291 498 3364 Τευκρῶν
518 3285 568 3344 τάν
587 3283 643 3358 πρδ
663 3283 719 3338 τῶν
730 3278 858 3348 Τρωϊκῶν
870 3275 981 3347 γενόμ·
