2250 3552
169 134 217 180 280
392 134 572 181 ἨΡΟΔΟΤΟΤ
590 133 742 181 ΟΤΡΑΝΙᾹ,
874 131 966 197 [VIII.

168 210 239 288 ἥπερ
253 211 466 291 ὁμολογέεινζ
430 237 468 270 τω
479 214 568 270 ταῦτα
583 212 772 292 ἐργασομένῳ·
794 212 870 276 αὖτις
884 213 968 282 δὲ,
934 240 969 274 το

138 333 141 340 ·
167 298 390 375 ΙἘλληνικόν
361 325 407 360 εον
434 297 555 376 ὅμαιμόν
581 325 613 360 τε
637 301 684 358 καὶ
708 298 907 381 ὁμόγλωσσον,
922 304 970 362 καὶ

170 387 238 447 θεῶν
257 386 393 464 ἱδρύματά
405 413 436 448 τε
450 386 528 447 κοινὰ
543 413 589 446 και
578 389 710 457 θυσίαι,
725 385 795 464 ἤθεά
807 413 838 448 τε
852 388 970 467 ὁμότρο-

168 501 217 534 πα·
246 479 300 535 τῶν
322 475 460 552 προδότας
482 477 614 557 γενέσθαι
635 475 799 554 Ἀθηναίους
816 476 865 537 ου’κ
883 477 917 538 ἂν
939 477 971 539 εὖ

169 565 235 643 ἔχοι
280 565 437 624 ἐπίστασθέ
448 591 479 624 τε
493 564 571 634 οὕτω,
586 569 610 624 εἰ
628 565 668 642 μή
683 565 729 624 καὶ
743 565 878 643 πρότερον
892 571 970 648 ε’τυγ-

169 651 268 731 χάνετε
282 652 471 728 ἐπιστάμενοι·
487 651 544 712 ἔστ’
559 651 593 712 ἂν
604 654 650 712 καὶ
664 655 702 718 εἶς
715 659 797 734 περιῇ
806 654 970 730 Ἀθηναίων,

168 739 284 818 μηδαμὰ
299 739 530 821 ὁμολογήσοντας
547 741 635 818 ἡμέας
649 744 748 820 Ξέρξῃ·
771 742 860 820 ἡμέων
873 743 971 820 μέντοι

168 827 354 910 ἀγοίμεθα
319 855 371 904 την
392 830 525 906 προνοίην
548 830 600 904 τήν
621 835 649 894 ἐς
666 830 754 907 ἡμέας
776 831 903 910 ἔχουσαν,
925 830 971 891 ὅτι

169 916 341 994 προείδετε
322 919 414 994 ημέων
428 919 717 996 οἰκοφθορημένων
685 945 763 988 ουτω,
776 919 848 979 ὥστε
861 921 971 996 ε’πιθρέ·

169 1014 221 1084 ψαι
245 1005 393 1067 ἐθέλειν
374 1008 466 1082 ημέων
489 1032 554 1070 τους
578 1008 693 1070 οἰκέτας·
725 1008 770 1065 καὶ
789 1004 857 1086 ἡμῖν
878 1001 971 1083 μὲνὴ

170 1094 251 1174 χάρις
283 1094 503 1207 ἐκπεπλήρωται·
538 1095 621 1172 ἡμέες
651 1095 746 1171 μέντοι
773 1094 971 1205 λιπαρήσομεν

169 1182 239 1243 οὕτω
257 1182 326 1246 ὅκως
346 1181 380 1242 ἂν
398 1185 510 1262 ἔχωμεν,
533 1182 612 1243 ουδὲν
630 1182 814 1245 λυπέοντες
799 1184 892 1260 υμέας·
920 1186 971 1243 νῦν

169 1271 246 1345 δε,
226 1297 262 1334 ως
279 1270 348 1331 οὕτω
369 1271 495 1350 ἐχόντων,
517 1271 652 1348 στρατιήν
673 1270 709 1334 ὦς
727 1269 850 1348 τάχιστα
869 1272 970 1348 ε’κπέμ-

169 1384 244 1418 πετε·
274 1358 309 1422 οἷς
329 1359 383 1440 γὰρ
411 1359 493 1436 ἡμέες
521 1359 671 1436 εἰκάζομεν,
701 1358 750 1418 οὐκ
778 1360 840 1423 ἑκὰς
866 1359 970 1438 χρόνου

169 1448 307 1524 παρέσται
328 1446 343 1507 6
364 1447 514 1525 βάρβαρος
536 1447 670 1523 ε’σβαλῶν
697 1453 725 1510 ἒς
750 1447 802 1523 τήν
823 1448 966 1525 ἡμετέρην,

169 1534 235 1594 ἀλλ’
259 1536 369 1595 ἐπειδᾶν
395 1536 518 1614 τάχιστα
544 1536 666 1612 πύθηται
688 1535 741 1611 τήν
764 1535 898 1618 σ’γγελίην
925 1536 970 1596 ὅτι

170 1622 248 1682 οὐδὲν
278 1623 435 1701 ποιήσομεν
461 1628 516 1684 τῶν
543 1627 645 1687 ἐκεῖνος
671 1623 764 1700 ἡμέων
791 1624 969 1699 προσεδέετο.

170 1711 235 1789 πρὶν
259 1709 296 1770 ὧν
317 1716 443 1788 παρεῖναι
465 1716 577 1772 ἐκεῖνον’
591 1717 618 1775 ἐς
641 1711 692 1788 τήν
718 1710 856 1786 Ἀττικήν,
881 1711 970 1788 ἡμέας

170 1799 264 1877 καιρός
277 1805 338 1860 ε’στι
350 1801 559 1877 προσβωθῆσαι
573 1804 600 1862 ές
613 1799 664 1876 τήν
678 1797 837 1875 Βοιωτίην.”
868 1802 895 1858 οἱ
907 1802 969 1875 μὲν,

169 1893 258 1948 ταῦτα
275 1888 497 1967 ὑποκριναμένων
519 1887 673 1965 Ἀθηναίων
696 1885 921 1948 ἀπαλλάσσοντο
941 1891 970 1952 ές

172 1975 313 2054 Σπάρτην.
