2282 3550
162 139 271 202 ιιι-ιιι]
496 137 660 189 υυνιαικ.Ι
915 139 961 188 251

161 223 216 279 τῶν
248 222 413 300 στρατηγῶν
440 219 489 278 οὐκ
516 220 659 279 ἐπείθοντο
685 218 721 278 τά
748 219 960 298 ἐξαγγελθέντα.

161 306 367 368 Ἀπιστεόντων
381 306 410 367 δὲ
422 307 535 378 τούτων,
548 305 599 384 ἦκε
612 307 725 385 τριήρης
738 306 843 384 ἀνδρῶν
856 309 961 384 Τηνίων
971 311 1008 368 82

162 393 376 472 αὐτομολέουσα
402 400 452 472 τῆς
473 394 544 474 ἦρχε
567 395 637 472 ἀνήρ
659 395 810 460 Παναίτιος
832 396 849 457 ὁ
873 399 961 462 Σωσι-

161 485 265 561 μένεος,
279 483 351 562 ήπερ
370 484 404 560 δή
421 487 504 562 ἔφερε
520 483 572 561 τήν
587 484 726 561 ἀληθηίην
743 490 848 546 πᾶσαν·
870 485 915 546 διιί
932 486 962 547 δὲ

160 572 292 632 ταῦτατὸ
309 573 390 654 ἔργον
408 571 605 654 ἐνεγράφησαν
619 572 715 648 Τήνιοι
734 579 763 633 ἐν
776 578 921 651 Δελφοῖσι
935 581 963 640 ἐς

161 658 212 720 τάν
223 661 343 739 τρίποδα
356 666 385 721 ἐν
398 665 475 722 τοῖσι
487 662 536 722 τὸν
548 661 700 739 βάρβαρον
714 667 874 731 κατελοῦσι.
909 663 963 726 σιίν

161 747 192 807 δὲ
205 747 243 808 ὧν
255 749 389 829 ταύτῃτῇ
409 750 454 826 νηί·
471 753 506 829 τῇ
522 749 746 830 αὐτομολησάσῃ
765 755 792 814 ἐς
806 752 961 830 Σαλαμῖνα,

162 836 209 894 καὶ
220 837 400 916 τῇπρότερον
414 837 456 898 ἐπ’
469 837 649 916 Ἀρτεμίσιον
662 843 698 918 τῇ
711 840 831 919 Λημνίῃ,
847 841 961 918 ἐξεπλη

161 927 246 1000 ροῦτο
263 925 295 984 τὰ
314 927 441 987 ναυτικόν
455 931 532 987 τοῖσι
547 927 675 1004 Ἕλλησι
692 933 719 991 ἐς
736 927 786 992 τάς
806 928 963 1011 ὀγδώκοντα

163 1012 210 1070 καί
222 1015 384 1089 τριηκοσίας
397 1019 473 1091 νῆας·
495 1015 543 1076 δύο
559 1016 614 1097 γάρ
632 1016 666 1092 δή
682 1021 754 1093 νηῶν
770 1015 835 1078 τότε
854 1018 963 1076 κατέδεε

163 1104 192 1163 ἐς
203 1099 253 1161 τδν
266 1100 393 1180 ἀριθμόν.

204 1193 287 1248 Τοῖσι
307 1191 337 1250 δὲ
352 1191 480 1270 Ἕλλησι
500 1193 536 1258 οῖς
555 1193 645 1254 πιστά
661 1193 695 1269 δή
715 1193 751 1253 τά
772 1193 909 1274 λεγόμενα
929 1192 963 1269 ἦν
972 1196 1010 1255 83

162 1280 217 1337 τῶν
238 1279 343 1356 Τηνίων
362 1279 483 1358 ῥήματα,
504 1281 743 1360 παρεσκευάζοντο
767 1281 802 1344 ὥς
822 1281 963 1360 ναυμαχή-

164 1391 271 1430 σοντες·
311 1367 366 1445 ήιύς
392 1395 423 1429 τε
449 1370 580 1446 διέφαινε,
609 1371 654 1428 καί
685 1369 711 1428 οἰ
737 1369 883 1451 σύλλογον
909 1374 963 1430 τῶν

164 1456 320 1530 ἐπιβατέων
340 1457 533 1534 ποιησάμενοι,
552 1457 723 1538 προηγόρευε
742 1455 771 1517 εἰ
793 1459 892 1537 έχοντα
912 1461 963 1536 μὲν

165 1546 194 1601 ἐκ
219 1541 329 1605 πάντων
351 1547 570 1623 Θεμιστοκλέης·
603 1545 638 1606 τοί
663 1546 692 1604 δέ
716 1547 784 1605 ἔτεα
806 1545 850 1622 ἦν,
872 1547 963 1607 πάντα

165 1632 277 1708 κρέσσω
308 1637 385 1694 τοῖσι
410 1633 520 1710 ἥσσοσι
552 1634 750 1712 ἀντιτιθέμενα.
792 1634 849 1696 ὅσα
878 1635 908 1696 δέ
935 1641 964 1695 ἐν

165 1718 310 1796 ἀνθρώπου
324 1721 397 1799 φύσι
411 1724 458 1782 καί
471 1723 629 1784 καταστάσι
643 1723 780 1804 ἐγγίνεται
793 1725 964 1800 παραινέσας

164 1806 208 1884 δή,
220 1808 324 1869 τούτων
341 1811 376 1870 τιῖ
396 1811 508 1886 κρέσσω
528 1812 680 1888 αἱρέεσθαι.
722 1812 768 1870 καί
789 1812 964 1880 καταπλέξας

164 1895 216 1971 τήν
228 1899 321 1974 ῥῆσιν,
335 1899 477 1975 ἐσβαίνειν
491 1899 599 1958 ἐκέλευε
613 1905 640 1962 ἐς
653 1899 703 1963 τάς
716 1903 793 1976 νῆας.
828 1899 874 1958 καί
888 1896 963 1960 οὗτοι

128 2039 132 2043 .
164 1987 216 2060 μὲν
229 1984 263 2060 δή
277 1985 434 2062 ἐσέβαινον,
453 1987 499 2045 καὶ
517 1984 567 2062 ἧκε
585 1987 603 2063 ή
622 1986 668 2046 ἀπ’
686 1989 800 2068 Αἰγίνης
816 1987 929 2064 τριήρης
945 1987 965 2064 ή

165 2071 235 2132 κατεῖ
248 2073 313 2138 τούς
326 2075 457 2138 Αἰακίδας
470 2075 643 2151 ἀπεδήμησε·
665 2076 783 2136 ἐνθαῦτα
797 2074 901 2156 ἀνῆγον
914 2074 964 2138 τάς

164 2165 232 2237 νήας
252 2161 364 2225 ἀπάσας
385 2165 411 2222 οἰ
426 2162 574 2240 Ἕλληνες.
615 2162 830 2245 Ἀναγομένοισι
853 2163 885 2222 δέ
907 2171 963 2240 σφι
973 2168 1011 2224 84

163 2248 264 2309 αύτίκα
290 2251 422 2310 ἐπεκέατο
449 2253 476 2310 οἱ
501 2251 657 2330 βάρβαροι·
685 2255 711 2312 οῖ
738 2254 790 2329 μὲν
816 2252 850 2328 δή
877 2251 962 2314 ἀλλοι

3 2397 4 2400 ,
160 2334 298 2414 Ἕλληνες
312 2339 356 2397 ἐπὶ
372 2339 499 2416 πρύμνην
512 2339 692 2417 ἀνεκρούοντο
713 2342 758 2400 καί
775 2340 899 2402 ὤκελλον
914 2343 964 2407 τάς

3 2407 5 2502 ἰ
165 2429 240 2502 νῆας,
272 2425 411 2503 Ἀμεινίης
438 2428 467 2486 δέ
495 2427 669 2504 Παλληνεύς,
703 2428 773 2506 ἀνήρ
807 2429 962 2508 Ἀθηναῖος,

164 2513 324 2592 ἐξαναχθεὶς
336 2516 381 2590 νηί
395 2515 545 2592 ἐμβάλλει·
567 2519 781 2594 συμπλακείσης
795 2518 824 2578 δὲ
837 2524 887 2595 τῆς
900 2520 963 2595 νηός

165 2603 210 2661 καὶ
227 2602 259 2662 ού
280 2603 434 2681 δυναμένων
455 2603 663 2685 ἀπαλλαγῆναι,
685 2605 755 2666 οὕτω
776 2605 809 2681 δή
831 2610 858 2666 οἰ
878 2603 964 2666 ἀλλοι

163 2688 288 2770 Ἀμεινίῃ
320 2691 487 2768 βοηθέοντες
520 2694 700 2774 συνέμισγον·
741 2693 885 2768 Ἀθηναῖοι
913 2697 964 2771 μὲν

164 2776 235 2837 οὕτω
260 2780 378 2861 λέγουσι
398 2784 448 2857 τῆς
468 2783 622 2860 ναυμαχίης
641 2783 774 2863 γενέσθαι
793 2782 845 2857 τήν
865 2781 962 2861 ἀρχήν,

164 2869 311 2946 Αἰγινῆται
324 2868 353 2927 δέ
366 2868 418 2944 τήν
432 2868 502 2928 κατά
515 2869 579 2936 τούς
590 2871 720 2932 Αἰακίδας
734 2868 962 2946 ἀποδημήσασαν

164 2959 191 3016 ἐς
211 2954 336 3034 Αἴγιναν,
357 2956 459 3032 ταύτην
480 2956 549 3016 εἶναι
569 2957 621 3032 τήν
642 2956 778 3032 ἄρξασαν·
803 2959 915 3038 λέγεται
935 2959 965 3018 δέ

164 3043 210 3100 καί
222 3042 297 3112 τάδε,
311 3043 347 3108 ὥς
360 3045 464 3122 φάσμα
480 3052 536 3120 σφι
553 3046 683 3126 γυναικὸς
699 3045 798 3123 ἐφάνη·
826 3051 964 3122 φανεῖσαν

164 3131 194 3189 δέ
210 3131 447 3194 διακελεύσασθαι
464 3133 536 3192 ὥστε
556 3135 601 3191 καὶ
621 3133 695 3193 ἅπαν
716 3133 837 3194 ἀκοῦσαι
856 3135 889 3194 τδ
910 3139 964 3193 τοῖν

162 3217 308 3294 Ἑλλήνων
327 3219 526 3298 στρατόπεδον,
541 3220 720 3280 ὀνειδίσασαν
738 3222 873 3298 πρότερον
889 3221 964 3279 τάδε·

164 3307 208 3364 “ὦ
219 3306 365 3382 δαιμόνιοι,
373 3309 457 3384 μέχρι
468 3307 554 3365 κόσου
565 3309 603 3364 ἔτι
612 3306 738 3382 πρύμνην
747 3307 934 3382 ἀνακρούεσθε
941 3305 965 3373 ;”
