2258 3568
142 166 256 232 ιιι-ιο]
445 167 647 217 mmmm.
916 166 947 212 ιι

142 276 194 310 νυν
221 247 286 328 ὄψις
312 251 362 308 τοῦ
384 248 541 328 Ἱππάρχου
561 248 689 309 ἐνυπνίου
709 246 744 324 ἦν
764 246 822 324 ἥδε·
864 251 892 304 ἐν
912 249 947 324 ιη’

142 339 268 417 προτέρη
282 338 358 397 νυκτὶ
371 341 426 398 τῶν
444 338 647 414 Παναθηναίων
661 336 753 396 ἐδόκεε
766 335 949 414 ὁἸππαρχος

142 425 231 502 ἄνδρα
251 430 278 485 οἱ
299 426 452 486 ἐπιστάντα
468 427 559 508 μέγαν
578 426 624 484 καὶ
643 424 748 485 εόειδέα
766 424 947 484 αἰνίσσεσθαι

140 514 257 574 τάδετὰ
271 517 346 573 ἔπεα·

243 621 319 678 Τλῆθι
337 620 398 667 λέων
417 620 515 678 ἄτλητα
531 620 616 668 ταθιόν
631 621 745 679 τετληότι
760 619 835 679 θυμῷ·

243 693 316 740 οὐδεὶς
334 690 464 754 όνθρότων
481 693 568 740 όόικῶν
584 693 647 741 τίσιν
664 694 705 740 οὐκ
722 693 839 744 ἀποτίσει,

140 782 233 837 ταῦτα
254 778 291 847 δέ,
312 777 349 840 οῖς
368 776 459 855 ἡμέρη
484 779 593 858 ἐγένετο
619 777 750 857 τάχιστα,
773 776 893 854 φανερός
913 775 948 851 ἦν

141 865 358 943 ὑπερτιθέμενος
379 866 596 942 ι’νειροπόλοισι·
617 865 689 942 μετά
708 865 745 936 δέ,
762 864 949 940 ἀπειπάμενος

141 955 196 1030 τήν
209 954 284 1032 ὄψιν,
299 956 405 1032 ἔπεμπε
417 955 469 1030 την
482 955 599 1030 πομπὴν
613 960 642 1014 ἐν
655 958 691 1033 τῇ
705 953 738 1030 δὴ
752 958 877 1033 τελευτᾷ.

185 1047 224 1102 Οἱ
232 1044 261 1102 δὲ
270 1047 431 1121 Γεφυραῖοι,
443 1047 498 1102 τοῖν
511 1042 585 1118 ἦσαν
599 1047 625 1102 οῖ
640 1043 738 1120 φονέες
749 1046 775 1101 οἶ
784 1041 949 1120 Ἱππάρχου,

143 1130 181 1193 αῖς
200 1134 253 1205 μέν
272 1130 351 1191 αὐτοὶ
367 1133 493 1212 λέγουσι,
508 1131 676 1212 ἐγεγόνεσαν
693 1131 723 1199 ἐξ
737 1129 879 1206 Ἐρετρίης
897 1129 949 1204 τόν
958 1129 995 1190 57

141 1218 246 1297 ἀρχήν·
287 1219 323 1282 (ός
341 1220 370 1278 δέ
389 1219 443 1300 ἐγολ
459 1218 717 1295 άναπυνθανόμενος
736 1217 861 1294 εὑρίσκω,
875 1217 949 1292 ἦσαν

143 1308 272 1370 Φοίνικες
291 1312 346 1368 ταῖν
366 1307 420 1366 σιῖν
441 1307 547 1386 Κάδμῳ
569 1307 743 1384 ἀπικομένων
770 1307 902 1365 Φοινίκων
923 1311 950 1369 ἐς

141 1399 201 1476 γῆν
221 1396 274 1472 τὴν
296 1400 345 1456 νῦν
369 1397 504 1472 Βοιωτίην
526 1396 706 1472 καλεομένην·
739 1397 828 1455 οἴκεον
849 1395 878 1454 δὲ
899 1400 949 1471 τῆς

142 1483 238 1562 χώρης
252 1484 354 1561 ταύτης
369 1483 563 1563 οἶπολαχάντες
580 1485 632 1560 τὴν
650 1483 825 1562 Ταναγρικὴν
838 1487 948 1560 μοῖραν·

143 1573 271 1632 ἐνθεῦτεν
291 1573 320 1632 δὲ
341 1573 487 1648 Καδμείων
507 1573 644 1649 πρότερον
668 1571 876 1642 ἐξαναστάντων
903 1571 948 1630 ὐπ’

141 1657 285 1741 Ἀργείων,
300 1665 327 1720 οἱ
347 1665 500 1736 Γεφυραῖοι
520 1659 597 1720 οὗτοι
618 1659 731 1737 δεότερα
747 1659 802 1718 άπδ
822 1664 950 1719 Βοιωτῶν

144 1748 347 1816 ἐξαναστάντες
366 1748 518 1825 ἐτράποντο
533 1748 574 1807 ἐπ’
591 1748 737 1825 Ἀθηνέων·
757 1746 901 1822 Ἀθηναῖοι
919 1748 950 1807 δέ

144 1842 239 1911 σφεας
258 1837 304 1894 ἐπὶ
320 1841 432 1914 ῥητοῖσι
452 1837 580 1906 ἐδέξαντο
595 1838 691 1912 σφέων
704 1835 793 1895 αὐτῶν
812 1835 880 1893 εἶναι
899 1862 948 1894 πο-

142 1924 251 1999 λιήτας,
268 1929 384 1984 πολλῶν
404 1925 472 1984 τέων
492 1926 539 1983 καὶ
556 1925 605 1984 οὐκ
623 1923 819 2004 ἀξιαπηγήτων
840 1923 948 1993 ἐπιτάξ-

142 2038 225 2076 αντες
238 2013 378 2094 ἔργεσθαι.
409 2016 446 2072 Οἱ
460 2013 490 2072 δὲ
503 2015 627 2076 Φοίνικες
640 2011 717 2072 οὗτοι
731 2016 757 2071 οἱ
771 2011 825 2071 σόν
842 2011 947 2091 Κάδμῳ
957 2015 995 2072 58

143 2097 318 2177 άπικάμενοι,
331 2106 386 2160 τῶν
403 2100 479 2176 ἦσαν
497 2104 523 2160 οἱ
542 2105 703 2178 Γεφυραῖοι,
718 2099 795 2159 ἄλλα
807 2125 838 2159 τε
851 2100 949 2158 πολλά

143 2188 308 2263 οἰκήσαντες
325 2189 428 2265 ταύτην
446 2188 497 2264 τόν
515 2189 608 2266 χιόρην
623 2189 764 2270 ἐσήγαγον
778 2188 945 2248 διδασκάλια

143 2279 172 2338 ἐς
191 2275 259 2340 τοῖς
271 2277 423 2352 Ἕλληνας,
442 2278 487 2336 καὶ
504 2277 537 2353 δὴ
557 2280 602 2336 καὶ
618 2277 779 2358 γράμματα,
798 2277 848 2337 οόκ
869 2277 948 2336 ἐόντα

143 2365 210 2440 πρὶν
218 2364 353 2442 Ἕλλησι,
368 2364 404 2428 αῖς
418 2367 480 2442 ἐμοὶ
494 2366 607 2426 δοκέειν·
628 2369 724 2443 πρῶτα
738 2368 797 2442 μὲν,
812 2370 888 2426 τοῖσι
903 2367 948 2424 καὶ

142 2450 264 2516 ἅπαντες
276 2454 410 2532 χρέωνται
423 2455 556 2516 Φοίνικες·
573 2455 644 2530 μετά
657 2455 694 2525 δέ,
709 2453 812 2533 χρόνου
828 2455 947 2531 προβαί-

144 2566 248 2614 νοντος,
264 2541 321 2618 ἅμα
335 2545 370 2620 τῇ
384 2545 464 2620 φωνῇ
478 2543 638 2620 μετέβαλον
653 2543 698 2601 καὶ
711 2543 761 2602 τδν
774 2543 880 2620 ῥυθμδν
893 2547 948 2602 τοῖν

142 2627 323 2707 γραμμάτων.
360 2632 516 2701 περιοίκεον
539 2631 570 2688 δέ
593 2638 685 2706 σφεας
708 2630 744 2690 τά
770 2631 868 2691 πολλὰ
892 2635 947 2690 τοῖν

142 2714 240 2794 χείρων
247 2720 347 2776 τοῦτον
356 2716 405 2776 τιῖν
413 2717 515 2796 χρόνον
522 2718 666 2794 Ἑλλήνων
672 2717 774 2782 Ἴωνες·
786 2719 946 2795 οῗπαραλα-

141 2803 245 2878 βάντες
271 2805 370 2884 διδαχῇ
394 2805 471 2883 παρά
494 2811 548 2866 τοῖν
569 2808 702 2868 Φοινίκων
725 2807 761 2867 τά
784 2806 946 2888 γράμματα,

140 2894 417 2970 μεταρρυθμίσαντές
431 2900 527 2969 σφεων
538 2894 622 2976 ὀλίγα
633 2897 776 2974 ἐχρέωντο·
794 2893 946 2972 χρεώμενοι

141 2978 173 3037 δέ
192 2979 339 3056 ἐφάτισαν,
358 2980 452 3057 ὥσπερ
465 2983 511 3040 καὶ
525 2981 557 3041 τά
573 2983 678 3042 δίκαιον
692 2984 774 3059 ἔφερε
793 2981 946 3062 ἐσαγαγόν·
1023 2993 1025 2998 '

140 3093 197 3126 των
214 3070 346 3127 Φοινίκων
362 3075 388 3132 ἐς
406 3070 457 3144 τὴν
470 3069 605 3140 Ἑλλάδα,
620 3070 765 3144 Φοινικήϊα
779 3071 944 3143 κεκλῆσθαι·

142 3155 190 3213 καὶ
202 3155 253 3218 τάς
265 3156 397 3231 βύβλους
407 3158 540 3233 διφθέρας
551 3157 686 3214 καλέουσι
696 3156 752 3215 άπό
762 3160 813 3214 τοιῖ
824 3160 946 3214 παλαιοῦ

140 3240 280 3312 affluam,
294 3243 337 3304 ὅτι
351 3246 415 3304 κοτέ
429 3250 458 3304 ἐν
471 3241 560 3302 σπάνι
569 3239 690 3316 βύβλων
702 3243 835 3317 ἐχρέωντο
850 3241 945 3314 διφθέ-

138 3355 211 3409 ρῃσι
226 3331 341 3411 αἰγέῃσί
356 3357 388 3390 τε
409 3332 455 3389 καὶ
473 3329 574 3405 σ’ϊέῃσι·
601 3328 639 3383 ἔτι
657 3325 749 3383 δὲκαὶ
766 3325 800 3383 τό
817 3323 877 3384 κατ’
895 3325 943 3396 ἐμὲ

1001 2655 1016 2676 0⁴
