2250 3552
156 143 295 206 119-122]
460 142 647 192 ΚΔΛΛῙΟΙΙΗ.
703 170 705 173 -
908 142 954 194 337

707 223 939 250 ὶὶὶςὶ

155 227 246 303 ἔφερε·
275 225 467 308 ἀπαγαγόντες
487 226 517 284 δὲ
535 223 620 285 αὐτόν
636 229 663 288 ές
680 250 732 301 την
750 250 837 301 ακτην
858 251 886 288 ες
905 250 957 300 την

154 315 260 390 Ξέρξης
283 314 372 385 ἔζευξε
394 313 445 374 τὸν
466 313 562 390 πόρον,
588 313 628 392 (οἶ
649 313 679 372 δὲ
703 313 822 394 λέγουσι
842 314 887 372 ε’πὶ
907 311 956 373 τόν

155 401 277 462 κολωνόν
297 401 348 462 τόν
368 400 438 480 ὑπὲρ
456 400 590 461 Μαδύτου
607 401 729 480 πόλιος,)
750 401 850 460 σανιδα
868 426 956 478 προσ·

154 489 417 559 πασσαλεύσαντες,
446 488 648 566 άνεκρέμασαν·
681 489 731 549 τὸν
754 489 784 548 δὲ
810 488 896 547 παῖδα
928 492 957 547 έν

155 576 335 654 ὀφθαλμοῖσι
348 581 397 638 τοῦ
407 576 581 654 Ἀρταΰκτεω
598 578 778 637 κατέλευσαν.
800 580 894 635 Ταῦτα
907 576 937 634 δὲ
948 575 1001 634 121

156 665 324 742 ποιήσαντες
342 664 485 725 ἀπέπλεον
504 669 531 728 ές
548 665 600 740 τὴν
620 663 756 735 Ἑλλάδα,
772 663 808 724 τά
828 690 858 724 τε
878 662 956 724 άλλα

155 753 287 832 χρήματα
304 752 417 833 ἄγοντες
433 752 479 811 καὶ
492 752 527 827 δή
542 753 587 811 καὶ
600 752 636 813 τά
649 751 726 812 ὅπλα
738 757 793 812 τῶν
804 753 956 832 γεφυρέων,

156 840 191 904 οἷς
204 840 392 917 α’ναθήσοντες
410 846 438 904 ές
457 839 492 900 τά
515 840 569 918 ἱρά·
594 841 640 898 καὶ
657 839 726 899 κατά
747 839 780 899 τό
797 842 857 902 ἔτος
872 843 955 900 τοῦτο

156 929 234 989 οὐδὲν
247 931 286 989 ἔτι
299 931 387 990 πλέον
400 929 504 990 τούτων
518 929 635 1009 ἐγένετο.

196 1017 303 1078 Τούτου
317 1018 346 1078 δὲ
359 1022 410 1078 τοῦ
424 1016 597 1094 Ἀρταΰκτεω
609 1021 660 1076 τοῦ
678 1015 938 1092 ἀνακρεμασθέντος
949 1017 1004 1072 122

155 1105 306 1184 προπάτωρ
327 1105 524 1184 Ἀρτεμβάρης
548 1105 610 1164 ε’στὶ
631 1104 647 1164 ό
668 1105 801 1182 Πέρσῃσι
821 1101 957 1184 ἐξηγησά-

155 1221 238 1271 μενος
258 1195 354 1276 λύγον,
370 1195 420 1254 τόν
439 1198 537 1254 ἐκεῖνοι
557 1192 751 1268 ὑπολαβόντες
770 1190 854 1271 Κύρῳ
870 1217 958 1269 προσ-

156 1282 276 1359 ήνεικαν,
304 1284 424 1365 λέγοντα
444 1282 519 1342 τάδε·
545 1282 630 1341 “ε’πεὶ
651 1280 718 1344 Ζεύς
737 1281 871 1360 Πέρσησι
894 1278 957 1362 ἤγε-

156 1373 256 1448 μονίην
264 1372 342 1442 διδοῖ,
352 1371 457 1449 ἀνδρῶν
465 1371 494 1430 δὲ
502 1371 558 1440 σοὶ,
568 1374 652 1447 Κῦρε,
662 1369 785 1429 κατελών
791 1366 959 1448 Ἀστυάγεα·

156 1460 234 1537 φέρε,
247 1464 301 1542 γῆν
314 1460 369 1541 γάρ
384 1459 521 1536 ἐκτήμεθα
538 1457 638 1538 ὀλίγην
656 1458 702 1516 καὶ
714 1457 817 1534 ταύτην
829 1456 957 1536 τρηχέην,

156 1548 380 1625 μεταναστάντες
394 1553 423 1607 ε’κ
436 1547 537 1623 ταύτης
547 1545 640 1622 άλλην
650 1547 754 1626 ἔχωμεν
764 1545 874 1624 α’μείνω.
904 1545 959 1605 είσὶ

158 1636 187 1695 δὲ
200 1637 308 1696 πολλαὶ
321 1639 373 1714 μὲν
386 1634 579 1716 ἀστυγείτονες
592 1635 700 1694 πολλαὶ
710 1634 739 1694 δὲ
750 1635 796 1694 καὶ
810 1634 958 1711 ἑκαστέρω·

156 1729 212 1785 τῶν
233 1726 300 1801 μίαν
322 1724 440 1803 σχόντες
462 1724 566 1782 πλέοσι
590 1723 713 1799 ἐσόμεθα
738 1721 957 1800 θωμαστότεροι·

158 1812 233 1876 οίκδς
246 1813 275 1871 δὲ
289 1811 426 1891 ἄρχοντας
443 1811 543 1888 ἄνδρας
560 1813 676 1869 τοιαῦτα
693 1810 805 1869 ποιέειν·
827 1809 890 1869 κότε
903 1809 959 1890 γάρ

158 1899 192 1976 δή
206 1902 252 1959 καὶ
265 1901 379 1978 παρέξει
394 1899 520 1970 κάλλιον,
534 1897 552 1974 ἢ
566 1898 612 1958 ὅτε
624 1925 658 1978 γε
674 1897 824 1974 ἀνθρώπων
840 1923 871 1956 τε
889 1901 958 1955 πολ·

157 1993 216 2048 λῶν
228 1989 353 2071 ἄρχομεν
365 1987 459 2064 πάσης
472 2014 503 2048 τε
515 1992 566 2063 τῆς
578 1987 678 2063 Ἀσίης
688 1985 710 2056 ;”
730 1985 822 2063 Κύρος
833 1985 959 2045 δὲταῦτα

157 2075 289 2148 άκούσας,
304 2078 351 2137 καὶ
364 2075 396 2136 ού
411 2075 544 2153 θωμάσας
557 2075 607 2137 τόν
620 2075 715 2156 λόγον,
731 2075 839 2134 ε’κέλευε
857 2073 960 2134 ποιέειν

157 2169 254 2226 ταῦτα·
283 2165 353 2226 ούτω
375 2166 405 2224 δὲ
432 2163 543 2224 αύτοῖσι
565 2164 704 2241 παραίνεε,
727 2163 844 2222 κελεύων
870 2188 957 2239 παρα-

158 2252 345 2325 σκευάζεσθαι
373 2253 408 2317 uk
428 2253 519 2312 ούκέτι
539 2251 673 2330 ἄρξοντας
696 2250 762 2312 άλλ’
783 2249 959 2329 α’ρξομένους·

158 2343 268 2417 φιλέειν
280 2341 336 2423 γάρ
349 2347 379 2402 ε’κ
392 2345 446 2402 τῶν
456 2343 591 2419 μαλακῶν
600 2340 697 2420 χαίρων
705 2340 850 2418 μαλακούς
859 2340 960 2419 ἄνδρας

158 2431 296 2510 γίνεσθαι·
319 2429 352 2490 ού
364 2430 419 2511 γάρ
432 2456 477 2490 τοι
489 2434 540 2505 τῆς
553 2429 639 2505 αύτῆς
651 2435 704 2511 γῆς
720 2430 789 2490 εἶναι
805 2431 913 2508 καρπόν
929 2455 959 2490 τε

159 2517 310 2594 θωμαστδν
332 2518 412 2595 φύειν
436 2518 482 2576 καὶ
503 2516 602 2594 ἄνδρας
626 2517 747 2598 ἀγαθούς
770 2517 806 2577 τά
826 2519 959 2596 πολέμια·

159 2605 232 2666 ὥστε
246 2606 414 2688 συγγνόντες
428 2607 539 2684 Πέρσαι
552 2605 663 2684 οἴχοντο
676 2604 858 2675 ἀποστάντες,
872 2609 960 2665 ἕσσω-

159 2694 251 2758 θέντες
274 2698 311 2773 τῇ
337 2694 433 2775 γνώμῃ
456 2693 527 2771 πρός
549 2693 654 2769 Κύρου·
682 2691 778 2772 άρχειν
797 2719 829 2752 τε
850 2694 959 2753 εἴλοντο

159 2781 271 2860 λυτρὴν
288 2783 423 2846 οἰκέοντες
440 2785 561 2859 μᾶλλον,
575 2779 594 2858 ἢ
606 2781 722 2841 πεδιάδα
735 2781 897 2857 σπείροντες
910 2781 959 2842 άλ-

159 2873 239 2930 λοισι
252 2869 402 2930 δουλεύειν.

328 3081 501 3134 ΗΡΟΔΟΤΟΤ
520 3081 687 3131 ἸΣΤΟΡΙΩΝ
709 3080 840 3132 'mm
