2258 3568
168 130 277 196 11-15]
422 133 424 136 ’
471 131 674 182 ΨΕΡΨΙΧΟΡΗ.
954 131 969 178 5

167 211 262 288 χίονος
274 207 325 270 τόν
339 209 425 270 ἵππον
440 211 485 269 καὶ
500 212 666 288 στρέφουσα
677 212 727 272 τόν
736 211 882 288 ἄτρακτον.
912 215 970 269 Θω-
980 213 1017 268 13

168 297 261 375 μιίζων
272 297 302 356 δέ
315 297 331 358 ό
345 302 463 375 Δαρεῖος
475 299 512 360 τό
522 326 552 359 τε
562 299 666 376 ἤκουσε
677 306 706 360 ἐκ
719 303 775 360 τῶν
786 298 970 360 κατασκόπων

170 387 216 445 καὶ
229 386 264 446 τό
278 385 361 450 αὐτός
375 386 440 465 ὥρα,
455 388 532 470 ἄγειν
543 388 629 464 αὐτὴν
641 390 749 448 ἐκέλευε
759 391 848 467 ἑωυτῷ
858 393 885 451 ἐς
895 387 969 464 ὄψιν·

170 475 205 538 ὥς
222 475 252 534 δὲ
268 475 323 554 όχθ
341 481 501 554 ,παρῆσαν
521 478 567 536 καὶ
583 481 610 537 οἶ
631 476 765 554 ἀδελφεοὶ
784 476 870 553 αὕτῆς
889 475 921 536 ού
935 503 970 555 κη

168 563 269 640 πρόσω
288 565 408 640 σκοπιὴν
423 567 533 645 ἔχοντες
547 566 661 626 τούτων·
684 567 861 644 εἰρωτέωντος
875 565 905 624 δέ
920 569 970 625 τοῦ

170 653 291 729 Δαρείου
314 653 444 729 ὁποδαπὴ
466 655 524 730 εἴης
561 656 672 731 ἔφασαν
693 659 719 714 οἶ
742 655 882 730 νεηνίσκοι
901 654 970 714 εἶναι

170 742 289 805 Παίονες
302 743 348 801 καὶ
362 744 467 818 ἐκείνην
481 744 549 804 εἶναι
560 745 656 820 σφέων
667 743 817 820 ἀδελφεήν·
831 742 846 802 ὁ
860 742 883 801 δ’
894 742 971 818 ἀμεί-

169 831 248 906 βετο,
262 831 334 894 τίνες
347 831 377 890 δέ
391 835 417 890 οἱ
430 832 550 895 Παίονες
564 831 707 910 ἄνθρωποί
718 837 781 902 εἶσι,
797 832 842 890 καὶ
856 835 906 891 κοῦ
919 834 972 912 γῆς

169 919 318 995 οἰκημέναι,
333 920 380 978 καὶ
393 921 423 980 τί
434 925 519 980 κεῖνοι
537 922 680 984 ἐθέλοντες
694 922 802 980 ἔλθοιεν
816 925 843 983 ἐς
857 920 970 1002 Σάρδις

241 1008 329 1031 tt!

169 1009 197 1064 οἱ
217 1007 247 1065 δε
268 1033 294 1066 οι
315 1010 445 1084 εφραζον,
467 1008 503 1072 κός
523 1009 630 1069 ἔλθοιεν
650 1012 702 1086 μὲν
723 1010 814 1087 ἐκείνῳ
836 1007 973 1071 δαίσαντες

169 1097 261 1170 σφέας
281 1095 387 1167 αύτούς,
413 1098 454 1173 εἴη
476 1097 505 1156 δὲ
525 1097 543 1173 ἦ
566 1099 688 1174 Παιονίη
707 1099 753 1156 ἐπὶ
773 1101 812 1175 τῷ
832 1097 971 1173 Στρυμόνι

169 1189 285 1264 ποταμῷ
302 1186 508 1262 πεπολισμένη·
530 1185 590 1246 6δέ
605 1185 738 1263 Στρυμιὶν
757 1183 790 1244 ού
809 1183 908 1262 πρόσω
921 1189 971 1244 τοῦ

168 1270 395 1348 Ἑλλησπόντου·
421 1273 519 1350 εἴησαν
540 1274 569 1333 δὲ
590 1279 716 1351 Τευκρῶν
738 1278 792 1334 τῶν
816 1278 846 1332 ἐκ
859 1273 972 1349 ’Τροίης

169 1358 290 1420 ἄποικοι·
310 1365 337 1420 οἱ
352 1361 451 1439 μὲνδὴ
466 1361 536 1422 αι’πᾶ
550 1363 655 1422 ἕκαστα
670 1364 776 1443 ἔλεγον·
797 1361 857 1422 όδέ
871 1360 969 1438 εἷριύτα

170 1452 194 1507 εἰ
213 1451 258 1508 καὶ
276 1455 368 1510 πᾶσαι
384 1453 482 1528 εἴησαν
501 1451 599 1512 αὐτόθι
618 1455 647 1510 αἱ
665 1457 791 1530 γυναῖκες
805 1451 875 1511 οὕτω
889 1450 968 1532 ἐργό-

168 1537 251 1608 τιδες;
275 1542 301 1598 οἶ
315 1539 345 1598 δέ
359 1541 404 1598 καὶ
417 1545 501 1600 τοῦτο
513 1542 624 1615 ἔφασαν
642 1541 791 1618 προθύμως
804 1540 874 1600 οὕτω
888 1541 970 1619 ἐχειν·

168 1625 255 1686 αὐτοῦ
267 1628 322 1708 γοὶρ
337 1627 373 1688 ὧν
385 1629 484 1688 τούτου
499 1630 589 1688 εἵνεκα
602 1631 647 1688 καὶ
661 1631 791 1689 ἐποιέετο.

208 1714 347 1776 Ἐνθαῦτα
366 1721 484 1795 Δαρεῖος
500 1717 604 1798 γράφει
619 1719 773 1800 γράμματα
786 1717 856 1794 πρός
874 1715 970 1797 Μεγό-
981 1717 1018 1775 14

167 1804 267 1879 βαζον,
281 1805 330 1865 τόν
349 1807 428 1865 ἔλιπε
441 1811 470 1866 ἐν
482 1810 519 1885 τῇ
535 1807 643 1886 Θρηίκη
659 1805 828 1887 στρατηγόν,
843 1804 971 1864 ἐντελλό-

167 1917 251 1968 μενος
278 1894 468 1970 ἐξαναστῆσαι
495 1895 526 1964 ἐξ
550 1893 639 1970 ἠθέων
666 1895 798 1968 Παίονας,
827 1894 874 1952 καὶ
905 1891 970 1969 παρ’

168 1980 269 2041 ἐωυτὸν
283 1981 398 2062 ἀγαγεῖν
409 1983 455 2041 καὶ
469 1981 569 2046 αύτούς
584 1984 629 2041 καὶ
642 1983 725 2042 τέκνα
737 2009 768 2042 τε
782 1983 828 2040 καὶ
838 1985 971 2062 γυναῖκας

167 2068 268 2128 αὐτῶν.
309 2069 407 2130 αὐτίκα
426 2071 456 2129 δέ
474 2070 571 2132 ἱππεύς
590 2072 649 2131 ἐθεε
663 2072 756 2148 φέρων
768 2070 819 2146 τὴν
836 2069 971 2150 α’γγελίην

173 2157 306 2182 ’NR‘

168 2183 215 2216 επι
231 2185 281 2218 τον
307 2159 524 2233 Ελλήσποντον·
546 2161 707 2235 περαιωθεὶς
721 2159 750 2218 δέ
764 2159 835 2218 διδοῖ
850 2157 882 2218 τό
901 2159 970 2234 βιβ-

167 2247 232 2306 λίον
249 2251 288 2324 τῷ
306 2246 479 2327 Μεγαβάζῳ·
503 2246 563 2306 όδὲ
582 2247 787 2323 ἐπιλεξάμενος,
805 2247 851 2306 καὶ
871 2245 971 2324 λαβών

166 2333 307 2415 ἡγεμόνας
336 2340 366 2393 ἐκ
395 2339 445 2410 τῆς
474 2335 603 2412 Θρηίκης,
633 2335 814 2412 ἐστρατεύετο
842 2336 887 2395 ἐπὶ
918 2335 970 2410 τὴν

167 2423 314 2500 Παιονίην.
357 2423 517 2499 Πυθόμενοι
544 2425 574 2483 δὲ
601 2427 627 2483 οἱ
656 2425 776 2486 Παίονες
804 2424 869 2487 τούς
896 2425 968 2500 Πέρ-
981 2424 1017 2481 15

167 2537 222 2575 σας
246 2513 292 2570 ἐπὶ
313 2513 405 2587 σφέας
427 2513 503 2582 ἰέναι,
529 2511 692 2576 ἁλισθέντες
716 2511 969 2590 ἐξεστρατεύσαντο

167 2598 239 2676 πρός
259 2599 418 2676 θαλάσσης·
440 2600 581 2664 δοκέοντες
598 2599 685 2680 ταύτῃ
705 2601 893 2680 ἐπιχειρήσειν
906 2599 971 2662 τούς

167 2687 284 2764 Πέρσας
307 2688 515 2765 ἐμβάλλοντας.
557 2691 583 2748 οἱ
609 2692 662 2766 μὲν
688 2689 721 2764 δή
749 2689 869 2752 Παίονες
895 2687 971 2764 ἦσαν

167 2778 274 2852 ἑτοῖμοι
287 2776 336 2836 τόν
350 2776 526 2856 Μεγαβάζου
540 2777 662 2855 στρατόν
681 2777 794 2838 ἐπιόντα
808 2776 922 2853 ἐρύκειν·
942 2778 969 2834 οἱ

166 2862 197 2922 δέ
216 2866 328 2940 Πέρσαι
346 2863 500 2941 πυθόμενοι
516 2866 689 2925 συναλίσθαι
707 2865 773 2928 τούς
786 2865 910 2926 Παίονας
924 2864 970 2924 καὶ

164 2952 218 3028 τὴν
236 2952 307 3029 πρός
326 2951 476 3028 θαλάσσης
490 2953 620 3030 ἐσβολὴν
635 2953 846 3028 φυλάσσοντας,
862 2953 971 3044 ἐχρντες

165 3038 313 3120 ἡγεμόνας,
327 3039 380 3117 τὴν
390 3039 445 3100 ἅνω
459 3041 524 3102 ὁδόν
536 3041 698 3118 τρέπονται·
716 3040 850 3104 λαθόντες
863 3041 893 3100 δὲ
906 3040 970 3102 τούς

166 3129 292 3192 Παίονας
313 3129 486 3190 ἐσπίπτουσι
506 3135 533 3192 ἐς
553 3130 603 3192 τοὶς
622 3127 725 3189 πόλιας
746 3127 843 3196 αὐτῶν,
868 3127 969 3186 ἐούσας

165 3215 273 3292 ἀνδρῶν
283 3216 410 3295 ἐρήμους·
422 3218 468 3277 οἶα
478 3217 507 3276 δέ
519 3221 627 3294 κεινῇσι
638 3214 824 3281 ἐπιπεσόντες,
837 3213 969 3270 εὐπετέως

165 3305 316 3385 κατέσχον.
359 3309 385 3365 οἱ
400 3306 429 3364 δέ
444 3305 563 3366 Παίονες
577 3302 612 3364 ὦς
626 3299 760 3369 ἐπύθοντο
774 3298 907 3374 ἐχομένας
920 3295 970 3354 τὰς
