2250 3552
178 143 225 190 286
490 141 673 189 'HPOAOTOT
914 137 977 202 [IX.

132 225 168 284 12
218 225 255 280 Οἱ
274 224 326 300 μέν
348 220 381 296 δή
404 225 431 283 ἐς
452 218 501 279 τόν
520 218 638 296 Ἰσθμόν
658 217 817 299 ἠπείγοντο.
858 218 983 300 Ἀργεῖοι

178 312 215 380 δὲ,
231 311 292 369 ἐπεί
305 336 335 370 τε
354 309 476 388 τάχιστα
496 308 630 368 ἐπύθοντο
647 307 711 368 τούς
730 306 801 384 μετά
815 309 983 368 Παυσανίεω

178 398 379 474 ἐξεληλυθότας
403 403 432 456 ἐκ
458 397 594 474 Σπάρτης,
622 397 766 473 πέμπουσι
790 395 903 472 κήρυκα,
927 402 983 457 τών

93 533 97 538 -
177 486 373 565 ἡμεροδρόμων
390 486 548 562 ἀνευρόντες
564 485 614 545 τόν
633 483 757 561 ἀριστον,
777 489 805 546 ἐς
823 484 874 560 τήν
892 484 983 545 ’Am-

178 575 236 651 κήν,
247 575 383 653 πρότερον
397 573 476 634 αύτοὶ
487 575 636 653 Μαρδονίῳ
649 572 849 648 ύποδεξάμενοι
862 574 985 652 σχήσειν

177 665 225 722 τόν
251 663 429 740 Σπαρτιήτην
446 663 486 740 μή
509 663 616 731 ἐξιέναι·
638 661 669 724 ὃς
690 661 751 720 ἐπεί
769 687 800 720 τε
820 661 934 720 ἀπίκετο
956 666 985 724 ές

176 752 226 816 τάς
245 751 372 828 Ἀθήνας,
396 753 474 832 ἔλεγε
496 749 570 810 τάδε·
606 761 624 786 “
633 749 782 827 Μαρδόνιε,
802 749 929 827 ἔπεμψάν
946 777 984 826 με

177 838 300 922 Ἀργεῖοι
319 839 467 917 φράσοντά
487 865 531 899 τοι
550 838 593 898 ότι
612 843 642 897 ἐκ
661 838 867 913 Λακεδαίμονος
888 837 983 914 ἐξελή-

179 928 278 1005 λυθεή
295 928 398 1004 νεότης,
414 929 459 986 καὶ
478 927 513 991 ώς
532 927 564 986 ού
583 927 694 986 δυνατοὶ
713 927 799 1002 αι’κτήν
818 927 909 1006 ἴσχειν
927 929 983 986 εἶσὶ
1021 927 1024 931 ’

177 1016 300 1098 Ἀργεῖοι
319 1016 360 1093 μή
386 1015 435 1075 οόκ
462 1016 570 1085 ἐξιέναι.
613 1015 682 1093 πρός
702 1019 790 1074 ταῦτα
810 1014 931 1096 τύγχανε
952 1015 983 1074 εὗ

132 1107 168 1163 13
177 1103 408 1183 βουλευόμενος.”
449 1103 484 1162 ‘O
498 1107 550 1179 μὲν
569 1104 611 1180 δή,
628 1105 706 1166 εἶπας
721 1107 817 1174 ταῦτα,
831 1103 983 1164 ἀπαλλάσ·

179 1219 246 1254 σετο
259 1192 359 1254 όπίσω·
382 1191 541 1269 Μαρδόνιος
554 1193 584 1251 δὲ
599 1192 725 1269 οὐδαμῶς
739 1193 779 1251 ἔτι
791 1192 934 1270 πρόθυμος
947 1192 983 1269 ἦν

177 1283 269 1357 μένειν
290 1287 318 1341 ἐν
335 1287 371 1360 τῇ
390 1281 513 1360 Ἀττικῇ,
530 1280 566 1344 ώς
584 1279 689 1358 ήκουσε
708 1285 804 1339 ταῦτα.
845 1281 910 1357 πρὶν
929 1284 983 1359 μέν

178 1395 226 1429 νυν
246 1368 264 1445 ή
284 1370 432 1438 πυθέσθαι,
454 1367 613 1448 ἀνεκώχευε,
636 1370 725 1429 θέλων
746 1369 844 1429 εἰδέναι
863 1369 896 1429 τό
916 1367 983 1449 παρ’

178 1455 330 1533 Ἀθηναίων
351 1456 444 1517 όκοῖόν
464 1483 492 1516 τι
513 1458 676 1533 ποιήσουσι·
699 1458 744 1516 καὶ
765 1456 828 1517 οὔτε
849 1457 983 1534 ἐπήμαινε

178 1544 241 1604 οὔτε
258 1546 366 1604 ἐσίνετο
383 1549 437 1626 γῆν
454 1545 506 1621 τήν
522 1544 660 1622 Ἀττικήν,
680 1547 798 1617 ἐλπίζων
814 1547 859 1605 διό
879 1548 983 1612 παντός

177 1638 226 1692 τοῦ
238 1633 341 1714 χρόνου
358 1633 548 1714 ὁμολογήσειν
566 1635 667 1710 σφέας·
690 1634 749 1692 ἐπεὶ
768 1634 797 1693 δὲ
816 1636 864 1693 ούκ
882 1636 981 1708 ἔπειθε,

177 1722 332 1800 πυθόμενος
358 1721 407 1781 τόν
434 1721 526 1781 πάντα
555 1722 651 1804 λόγον,
682 1723 747 1799 πρὶν
774 1720 793 1798 ἢ
818 1722 881 1785 τούς
908 1719 981 1799 μετά

179 1811 344 1870 Παυσανίεω
372 1816 399 1873 ἐς
426 1809 475 1869 τόν
498 1810 615 1886 Ἰσθμόν
642 1813 788 1886 ἐμβαλεῖν,
812 1809 983 1888 ύπεξεχώρεε

178 1899 325 1976 ἐμπρήσας
345 1924 376 1958 τε
395 1897 447 1960 τάς
466 1897 594 1972 Ἀθήνας,
615 1899 661 1956 καὶ
683 1899 708 1956 εἶ
727 1898 777 1957 κού
795 1924 824 1957 τι
843 1897 928 1974 όρθόν
947 1898 983 1974 ἦν

177 1991 232 2046 τῶν
252 1987 364 2066 τειχέων
385 1985 403 2063 ἢ
426 1989 482 2045 τών
504 1985 659 2062 οἰκημάτων
682 1985 700 2061 ἢ
720 1989 774 2045 τῶν
794 1988 866 2062 ἱρῶν,
890 1985 983 2046 πάντα

178 2075 348 2152 καταβαλών
383 2076 428 2134 καὶ
462 2074 624 2154 συγχώσας.
667 2075 801 2150 ἐξήλαυνε
834 2073 864 2132 δέ
896 2076 983 2135 τῶνδε

179 2164 288 2232 εἵνεκεν,
302 2163 345 2222 ότι
360 2163 422 2222 οὔτε
443 2164 586 2238 ἱππασίμη
600 2162 619 2238 ή
636 2161 713 2241 χώρη
731 2159 766 2238 ἦν
786 2160 805 2236 ἡ
821 2160 943 2238 Ἀττική,
958 2165 985 2223 εἶ

177 2277 209 2310 τε
222 2257 319 2330 νικῷτο
334 2251 492 2328 συμβαλών
506 2249 665 2319 ἀπάλλαξις
678 2249 727 2308 ούκ
745 2247 779 2326 ἦν
798 2248 842 2309 ότι
857 2249 898 2326 μή
912 2245 983 2311 κατά

179 2339 296 2408 στεινόν,
311 2338 384 2398 ὥστε
397 2339 443 2397 καὶ
461 2337 575 2419 όλίγους
596 2341 689 2414 σφέας
706 2337 866 2414 ἀνθρώπους
879 2339 982 2417 ἴσχειν.

179 2427 345 2502 ἐβουλεύετο
366 2425 411 2498 ών,
431 2427 651 2506 ἐπαναχωρήσας
670 2432 697 2490 ἐς
713 2425 762 2488 τάς
783 2425 890 2501 Θήβας,
910 2453 983 2504 συμ-

178 2517 281 2590 βαλεῖν
294 2515 364 2593 πρός
376 2516 445 2576 πόλι
458 2542 489 2575 τε
504 2517 588 2594 φιλίη
603 2516 648 2574 καὶ
661 2514 738 2593 χώρῃ
754 2515 906 2593 ἱππασίμη.

133 2605 169 2662 14
220 2604 378 2681 Μαρδόνιος
391 2607 443 2681 μὲν
456 2604 489 2679 δή
508 2603 686 2682 ὑπεξεχώρεε·
708 2601 761 2678 ήδη
781 2602 810 2660 δὲ
829 2607 858 2661 ἐν
875 2607 911 2681 τῇ
929 2603 985 2682 όδῷ

179 2692 251 2752 ἐόντι
261 2691 333 2770 αύτῷ
346 2692 417 2768 ἦλθε
431 2691 558 2773 ἀγγελίη,
567 2691 727 2768 πρόδρομον
741 2689 833 2765 ἀλλην
847 2691 985 2767 στρατιήν

178 2779 255 2856 ήκειν
268 2785 295 2843 ἐς
309 2781 437 2860 Μέγαρα,
452 2779 674 2856 Λακεδαιμονίων
687 2779 805 2857 χιλίους·
827 2778 984 2854 πυθόμενος

179 2868 312 2928 δὲταῦτα
329 2868 503 2944 ἐβουλεύετο,
519 2867 608 2926 θέλων
629 2868 655 2926 εἴ
673 2891 725 2928 κως
741 2865 856 2928 τούτους
872 2869 985 2942 πρῶτον

180 2956 249 3013 ἕλοι·
290 2955 470 3032 ύποστρέψας
497 2954 526 3013 δέ
552 2953 604 3030 τήν
636 2953 771 3030 στρατιήν
796 2952 849 3034 ἦγε
876 2955 922 3012 ἐπὶ
948 2955 984 3014 τά

179 3043 309 3121 Μέγαρα·
350 3042 369 3117 ή
396 3043 426 3101 δὲ
454 3044 538 3104 ἵππος
571 3042 753 3118 προελθοῦσα
786 3041 985 3104 κατιππάσατο

177 3129 273 3206 χώρην
285 3129 337 3206 τήν
353 3131 522 3210 Μεγαρίδα·
550 3130 591 3208 (ἐς
605 3129 709 3206 ταύτην
728 3128 762 3206 δή
777 3129 922 3190 ἑκαστάτω
935 3136 985 3209 τῆς

179 3214 314 3294 Εὐρώπης
334 3223 367 3278 τό
388 3217 456 3293 πρός
476 3216 558 3292 ἡλίου
578 3217 706 3283 δύνοντος
726 3219 745 3295 ή
766 3220 895 3297 Περσική
916 3220 987 3299 αὕτη

134 3304 168 3360 15
179 3304 298 3379 στρατιή
312 3304 449 3382 ἀπίκετο.)
492 3304 574 3363 Mer&
594 3303 624 3363 δὲ
639 3312 736 3376 ταῦτα,
752 3308 902 3389 Μαρδονίῳ
914 3309 985 3387 ἦλθε
