<?xml version="1.0" encoding="UTF-8"?>
<!DOCTYPE html PUBLIC "-//W3C//DTD XHTML 1.0 Transitional//EN"
    "http://www.w3.org/TR/xhtml1/DTD/xhtml1-transitional.dtd">
<html xmlns="http://www.w3.org/1999/xhtml" xml:lang="en" lang="en">
 <head>
  <title>
</title>
<meta http-equiv="Content-Type" content="text/html;charset=utf-8" />
  <meta name='ocr-system' content='tesseract 3.04.00' />
  <meta name='ocr-capabilities' content='ocr_page ocr_carea ocr_par ocr_line ocrx_word'/>
</head>
<body>
  <div class='ocr_page' id='page_1' title='image "./herodotusrecens00blakgoog_0127.png"; bbox 0 0 2276 3554; ppageno 0'>
   <div class='ocr_carea' id='block_1_1' title="bbox 70 119 1011 3378">
    <p class='ocr_par' dir='ltr' id='par_1_1' title="bbox 70 119 1011 1973">
     <span class='ocr_line' id='line_1_1' title="bbox 162 119 969 198; baseline 0.002 -16"><span class='ocrx_word' id='word_1_1' title='bbox 162 132 239 198; x_wconf 77' lang='lat'>1-51</span> <span class='ocrx_word' id='word_1_2' title='bbox 472 119 658 184; x_wconf 73' lang='grc'><strong>1101111111.</strong></span> <span class='ocrx_word' id='word_1_3' title='bbox 925 136 969 184; x_wconf 85' lang='lat'>119</span> 
     </span>
     <span class='ocr_line' id='line_1_2' title="bbox 159 211 967 292; baseline 0.002 -20"><span class='ocrx_word' id='word_1_4' title='bbox 159 211 204 272; x_wconf 90' lang='grc' dir='ltr'>ότι</span> <span class='ocrx_word' id='word_1_5' title='bbox 218 213 388 292; x_wconf 77' lang='grc' dir='ltr'>νομιζόμενα</span> <span class='ocrx_word' id='word_1_6' title='bbox 401 213 444 289; x_wconf 82' lang='grc' dir='ltr'>εἴη</span> <span class='ocrx_word' id='word_1_7' title='bbox 457 213 528 290; x_wconf 84' lang='grc' dir='ltr'>πρός</span> <span class='ocrx_word' id='word_1_8' title='bbox 537 213 648 274; x_wconf 87' lang='grc' dir='ltr'>πάντων</span> <span class='ocrx_word' id='word_1_9' title='bbox 662 212 814 290; x_wconf 84' lang='grc' dir='ltr'>άνθράπων</span> <span class='ocrx_word' id='word_1_10' title='bbox 822 213 873 274; x_wconf 81' lang='grc' dir='ltr'>τόν</span> <span class='ocrx_word' id='word_1_11' title='bbox 881 239 967 292; x_wconf 88' lang='grc' dir='ltr'>πρεσ-</span> 
     </span>
     <span class='ocr_line' id='line_1_3' title="bbox 158 300 969 381; baseline 0.005 -21"><span class='ocrx_word' id='word_1_12' title='bbox 158 300 287 376; x_wconf 74' lang='grc' dir='ltr'>βύτατον</span> <span class='ocrx_word' id='word_1_13' title='bbox 302 303 355 379; x_wconf 76' lang='grc' dir='ltr'>τὴν</span> <span class='ocrx_word' id='word_1_14' title='bbox 371 300 464 381; x_wconf 74' lang='grc' dir='ltr'>άρχην</span> <span class='ocrx_word' id='word_1_15' title='bbox 484 303 566 380; x_wconf 81' lang='grc' dir='ltr'>ἔχειν·</span> <span class='ocrx_word' id='word_1_16' title='bbox 587 301 695 380; x_wconf 67' lang='grc' dir='ltr'>Ξέρξης</span> <span class='ocrx_word' id='word_1_17' title='bbox 715 301 753 372; x_wconf 88' lang='grc' dir='ltr'>δέ,</span> <span class='ocrx_word' id='word_1_18' title='bbox 775 300 811 365; x_wconf 68' lang='grc' dir='ltr'>οἷς</span> <span class='ocrx_word' id='word_1_19' title='bbox 825 301 969 381; x_wconf 78' lang='grc' dir='ltr'>Ἀτόσσης</span> 
     </span>
     <span class='ocr_line' id='line_1_4' title="bbox 158 388 969 471; baseline 0.009 -25"><span class='ocrx_word' id='word_1_20' title='bbox 158 413 191 447; x_wconf 89' lang='grc' dir='ltr'>τε</span> <span class='ocrx_word' id='word_1_21' title='bbox 203 393 271 452; x_wconf 80' lang='grc' dir='ltr'>παῖς</span> <span class='ocrx_word' id='word_1_22' title='bbox 285 390 328 467; x_wconf 75' lang='grc' dir='ltr'>εἴη</span> <span class='ocrx_word' id='word_1_23' title='bbox 341 395 392 466; x_wconf 79' lang='grc' dir='ltr'>τῆς</span> <span class='ocrx_word' id='word_1_24' title='bbox 406 390 502 466; x_wconf 81' lang='grc' dir='ltr'>Κύρου</span> <span class='ocrx_word' id='word_1_25' title='bbox 519 389 658 471; x_wconf 83' lang='grc' dir='ltr'>θυγατρός</span> <span class='ocrx_word' id='word_1_26' title='bbox 672 391 718 448; x_wconf 85' lang='grc' dir='ltr'>καὶ</span> <span class='ocrx_word' id='word_1_27' title='bbox 731 388 775 450; x_wconf 86' lang='grc' dir='ltr'>ὅτι</span> <span class='ocrx_word' id='word_1_28' title='bbox 789 394 883 469; x_wconf 75' lang='grc' dir='ltr'>Κῖρος</span> <span class='ocrx_word' id='word_1_29' title='bbox 897 392 969 468; x_wconf 82' lang='grc' dir='ltr'>εἵηό</span> 
     </span>
     <span class='ocr_line' id='line_1_5' title="bbox 160 476 1001 558; baseline 0.006 -23"><span class='ocrx_word' id='word_1_30' title='bbox 160 476 338 554; x_wconf 89' lang='grc' dir='ltr'>κτησάμενος</span> <span class='ocrx_word' id='word_1_31' title='bbox 350 484 428 539; x_wconf 83' lang='grc' dir='ltr'>τοῖσι</span> <span class='ocrx_word' id='word_1_32' title='bbox 443 479 577 558; x_wconf 81' lang='grc' dir='ltr'>Πέρσησι</span> <span class='ocrx_word' id='word_1_33' title='bbox 587 479 639 554; x_wconf 75' lang='grc' dir='ltr'>τὴν</span> <span class='ocrx_word' id='word_1_34' title='bbox 649 479 818 555; x_wconf 90' lang='grc' dir='ltr'>ἐλευθερίην.</span> <span class='ocrx_word' id='word_1_35' title='bbox 848 481 969 558; x_wconf 81' lang='grc' dir='ltr'>Δαρείου</span> <span class='ocrx_word' id='word_1_36' title='bbox 983 483 1001 540; x_wconf 85' lang='grc'>3</span> 
     </span>
     <span class='ocr_line' id='line_1_6' title="bbox 159 563 968 648; baseline 0.005 -24"><span class='ocrx_word' id='word_1_37' title='bbox 159 563 190 624; x_wconf 90' lang='grc' dir='ltr'>δέ</span> <span class='ocrx_word' id='word_1_38' title='bbox 211 564 263 624; x_wconf 89' lang='grc' dir='ltr'>ου’κ</span> <span class='ocrx_word' id='word_1_39' title='bbox 284 566 520 644; x_wconf 74' lang='grc' dir='ltr'>ἀποδεικνυμένου</span> <span class='ocrx_word' id='word_1_40' title='bbox 542 593 580 625; x_wconf 86' lang='grc' dir='ltr'>κω</span> <span class='ocrx_word' id='word_1_41' title='bbox 600 565 722 647; x_wconf 75' lang='grc' dir='ltr'>γνώμην,</span> <span class='ocrx_word' id='word_1_42' title='bbox 744 566 877 648; x_wconf 68' lang='grc' dir='ltr'>ἐτύγχανε</span> <span class='ocrx_word' id='word_1_43' title='bbox 898 567 968 628; x_wconf 75' lang='grc' dir='ltr'>κατά</span> 
     </span>
     <span class='ocr_line' id='line_1_7' title="bbox 157 653 968 732; baseline 0.004 -19"><span class='ocrx_word' id='word_1_44' title='bbox 157 653 248 714; x_wconf 74' lang='grc' dir='ltr'>τοίυτό</span> <span class='ocrx_word' id='word_1_45' title='bbox 262 655 389 716; x_wconf 72' lang='grc' dir='ltr'>τούτοισι</span> <span class='ocrx_word' id='word_1_46' title='bbox 403 657 449 714; x_wconf 87' lang='grc' dir='ltr'>καὶ</span> <span class='ocrx_word' id='word_1_47' title='bbox 464 654 633 732; x_wconf 80' lang='grc' dir='ltr'>Δημάρητος</span> <span class='ocrx_word' id='word_1_48' title='bbox 647 653 663 715; x_wconf 87' lang='grc' dir='ltr'>ό</span> <span class='ocrx_word' id='word_1_49' title='bbox 680 654 849 732; x_wconf 78' lang='grc' dir='ltr'>Ἀρίστωνος</span> <span class='ocrx_word' id='word_1_50' title='bbox 867 655 968 732; x_wconf 84' lang='grc' dir='ltr'>άναβε-</span> 
     </span>
     <span class='ocr_line' id='line_1_8' title="bbox 157 741 968 824; baseline 0.004 -24"><span class='ocrx_word' id='word_1_51' title='bbox 157 741 256 818; x_wconf 75' lang='grc' dir='ltr'>βηκῶς</span> <span class='ocrx_word' id='word_1_52' title='bbox 284 749 311 807; x_wconf 87' lang='grc' dir='ltr'>ἐς</span> <span class='ocrx_word' id='word_1_53' title='bbox 339 746 446 814; x_wconf 80' lang='grc' dir='ltr'>Σοῦσα,</span> <span class='ocrx_word' id='word_1_54' title='bbox 469 743 653 820; x_wconf 76' lang='grc' dir='ltr'>ἐστερημένος</span> <span class='ocrx_word' id='word_1_55' title='bbox 675 768 707 802; x_wconf 91' lang='grc' dir='ltr'>τε</span> <span class='ocrx_word' id='word_1_56' title='bbox 727 747 778 819; x_wconf 74' lang='grc' dir='ltr'>τῆς</span> <span class='ocrx_word' id='word_1_57' title='bbox 801 747 830 802; x_wconf 90' lang='grc' dir='ltr'>ἐν</span> <span class='ocrx_word' id='word_1_58' title='bbox 853 744 968 824; x_wconf 80' lang='grc' dir='ltr'>Σπάρτη</span> 
     </span>
     <span class='ocr_line' id='line_1_9' title="bbox 158 831 969 914; baseline 0.002 -24"><span class='ocrx_word' id='word_1_59' title='bbox 158 831 317 908; x_wconf 79' lang='grc' dir='ltr'>βασιληίης</span> <span class='ocrx_word' id='word_1_60' title='bbox 335 835 380 892; x_wconf 87' lang='grc' dir='ltr'>καὶ</span> <span class='ocrx_word' id='word_1_61' title='bbox 401 831 496 914; x_wconf 69' lang='grc' dir='ltr'>φυγήν</span> <span class='ocrx_word' id='word_1_62' title='bbox 515 831 662 910; x_wconf 68' lang='grc' dir='ltr'>ἐπιβαλιδν</span> <span class='ocrx_word' id='word_1_63' title='bbox 678 835 767 912; x_wconf 76' lang='grc' dir='ltr'>ἐαυτῷ</span> <span class='ocrx_word' id='word_1_64' title='bbox 787 837 818 892; x_wconf 86' lang='grc' dir='ltr'>ἐκ</span> <span class='ocrx_word' id='word_1_65' title='bbox 835 832 969 894; x_wconf 83' lang='grc' dir='ltr'>Λακεδαί-</span> 
     </span>
     <span class='ocr_line' id='line_1_10' title="bbox 158 916 969 998; baseline 0 -20"><span class='ocrx_word' id='word_1_66' title='bbox 158 945 255 995; x_wconf 86' lang='grc' dir='ltr'>μονος·</span> <span class='ocrx_word' id='word_1_67' title='bbox 282 918 362 985; x_wconf 77' lang='grc' dir='ltr'>οὗτος</span> <span class='ocrx_word' id='word_1_68' title='bbox 383 916 457 998; x_wconf 58' lang='lat' dir='ltr'>&amp;wip</span> <span class='ocrx_word' id='word_1_69' title='bbox 477 919 634 996; x_wconf 84' lang='grc' dir='ltr'>πυθόμενος</span> <span class='ocrx_word' id='word_1_70' title='bbox 646 916 710 980; x_wconf 63' lang='grc' dir='ltr'>’τῶν</span> <span class='ocrx_word' id='word_1_71' title='bbox 726 921 846 997; x_wconf 84' lang='grc' dir='ltr'>Δαρείου</span> <span class='ocrx_word' id='word_1_72' title='bbox 864 921 969 979; x_wconf 81' lang='grc' dir='ltr'>παιδοιν</span> 
     </span>
     <span class='ocr_line' id='line_1_11' title="bbox 158 1006 968 1088; baseline 0 -21"><span class='ocrx_word' id='word_1_73' title='bbox 158 1006 212 1083; x_wconf 73' lang='grc' dir='ltr'>τήν</span> <span class='ocrx_word' id='word_1_74' title='bbox 233 1007 381 1087; x_wconf 74' lang='grc' dir='ltr'>διαφορήν,</span> <span class='ocrx_word' id='word_1_75' title='bbox 406 1009 504 1079; x_wconf 81' lang='grc' dir='ltr'>ἐλθιδν,</span> <span class='ocrx_word' id='word_1_76' title='bbox 530 1008 566 1072; x_wconf 79' lang='grc' dir='ltr'>ὥς</span> <span class='ocrx_word' id='word_1_77' title='bbox 586 1007 605 1084; x_wconf 80' lang='grc' dir='ltr'><em>ἦ</em></span> <span class='ocrx_word' id='word_1_78' title='bbox 627 1007 711 1084; x_wconf 78' lang='grc' dir='ltr'>φάτις</span> <span class='ocrx_word' id='word_1_79' title='bbox 728 1034 777 1085; x_wconf 88' lang='grc' dir='ltr'>μιν</span> <span class='ocrx_word' id='word_1_80' title='bbox 793 1011 858 1087; x_wconf 82' lang='grc' dir='ltr'>ἔχει,</span> <span class='ocrx_word' id='word_1_81' title='bbox 877 1010 968 1088; x_wconf 75' lang='grc' dir='ltr'>Ξέρξη</span> 
     </span>
     <span class='ocr_line' id='line_1_12' title="bbox 159 1095 996 1179; baseline 0.005 -23"><span class='ocrx_word' id='word_1_82' title='bbox 159 1097 351 1172; x_wconf 81' lang='grc' dir='ltr'>συνεβούλευε</span> <span class='ocrx_word' id='word_1_83' title='bbox 364 1099 459 1179; x_wconf 92' lang='grc' dir='ltr'>λέγειν</span> <span class='ocrx_word' id='word_1_84' title='bbox 472 1097 542 1174; x_wconf 83' lang='grc' dir='ltr'>πρός</span> <span class='ocrx_word' id='word_1_85' title='bbox 554 1101 631 1156; x_wconf 82' lang='grc' dir='ltr'>τοῖσι</span> <span class='ocrx_word' id='word_1_86' title='bbox 644 1097 724 1179; x_wconf 89' lang='grc' dir='ltr'>ἐλεγε</span> <span class='ocrx_word' id='word_1_87' title='bbox 737 1098 826 1166; x_wconf 82' lang='grc' dir='ltr'>ἔπεσι,</span> <span class='ocrx_word' id='word_1_88' title='bbox 838 1096 873 1160; x_wconf 73' lang='grc' dir='ltr'>ὥς</span> <span class='ocrx_word' id='word_1_89' title='bbox 886 1095 968 1160; x_wconf 73' lang='grc' dir='ltr'>αὐτός</span> <span class='ocrx_word' id='word_1_90' title='bbox 994 1135 996 1140; x_wconf 94' lang='grc'><strong><em>·</em></strong></span> 
     </span>
     <span class='ocr_line' id='line_1_13' title="bbox 70 1183 966 1265; baseline 0 -20"><span class='ocrx_word' id='word_1_91' title='bbox 70 1239 73 1245; x_wconf 18' lang='lat' dir='ltr'>A</span> <span class='ocrx_word' id='word_1_92' title='bbox 158 1186 212 1260; x_wconf 76' lang='grc' dir='ltr'>μὲν</span> <span class='ocrx_word' id='word_1_93' title='bbox 230 1188 341 1265; x_wconf 88' lang='grc' dir='ltr'>γένοιτο</span> <span class='ocrx_word' id='word_1_94' title='bbox 361 1186 471 1264; x_wconf 79' lang='grc' dir='ltr'>Δαρείῳ</span> <span class='ocrx_word' id='word_1_95' title='bbox 487 1183 540 1261; x_wconf 82' lang='grc' dir='ltr'>ἤδη</span> <span class='ocrx_word' id='word_1_96' title='bbox 558 1183 743 1260; x_wconf 74' lang='grc' dir='ltr'>βασιλεύοντι</span> <span class='ocrx_word' id='word_1_97' title='bbox 762 1185 808 1243; x_wconf 83' lang='grc' dir='ltr'>καὶ</span> <span class='ocrx_word' id='word_1_98' title='bbox 825 1184 916 1264; x_wconf 83' lang='grc' dir='ltr'>ἔχοντι</span> <span class='ocrx_word' id='word_1_99' title='bbox 933 1183 966 1245; x_wconf 80' lang='grc' dir='ltr'>τό</span> 
     </span>
     <span class='ocr_line' id='line_1_14' title="bbox 149 1271 1011 1352; baseline 0.005 -22"><span class='ocrx_word' id='word_1_100' title='bbox 149 1274 300 1350; x_wconf 69' lang='grc' dir='ltr'>Περσέων</span> <span class='ocrx_word' id='word_1_101' title='bbox 312 1275 421 1351; x_wconf 84' lang='grc' dir='ltr'>κράτος·</span> <span class='ocrx_word' id='word_1_102' title='bbox 442 1273 655 1351; x_wconf 78' lang='grc' dir='ltr'>Ἀρτοβαζάνης</span> <span class='ocrx_word' id='word_1_103' title='bbox 673 1273 702 1331; x_wconf 87' lang='grc' dir='ltr'>δέ</span> <span class='ocrx_word' id='word_1_104' title='bbox 721 1275 761 1334; x_wconf 84' lang='grc' dir='ltr'>ἐτι</span> <span class='ocrx_word' id='word_1_105' title='bbox 782 1272 876 1352; x_wconf 81' lang='grc' dir='ltr'>ίδιιότη</span> <span class='ocrx_word' id='word_1_106' title='bbox 895 1271 967 1334; x_wconf 79' lang='grc' dir='ltr'>ἐόντι</span> <span class='ocrx_word' id='word_1_107' title='bbox 1009 1333 1011 1340; x_wconf 27' lang='lat'><strong><em>⁴</em></strong></span> 
     </span>
     <span class='ocr_line' id='line_1_15' title="bbox 159 1358 967 1440; baseline 0.002 -20"><span class='ocrx_word' id='word_1_108' title='bbox 159 1361 281 1440; x_wconf 81' lang='grc' dir='ltr'>Δαρείῳ·</span> <span class='ocrx_word' id='word_1_109' title='bbox 311 1361 398 1423; x_wconf 78' lang='grc' dir='ltr'>οὔκων</span> <span class='ocrx_word' id='word_1_110' title='bbox 423 1361 479 1422; x_wconf 76' lang='grc' dir='ltr'>οὔτ’</span> <span class='ocrx_word' id='word_1_111' title='bbox 501 1360 576 1424; x_wconf 82' lang='grc' dir='ltr'>οἶκός</span> <span class='ocrx_word' id='word_1_112' title='bbox 598 1361 640 1437; x_wconf 81' lang='grc' dir='ltr'>εἴη</span> <span class='ocrx_word' id='word_1_113' title='bbox 661 1358 724 1420; x_wconf 77' lang='grc' dir='ltr'>οὔτε</span> <span class='ocrx_word' id='word_1_114' title='bbox 747 1360 853 1420; x_wconf 91' lang='grc' dir='ltr'>δίκαιον</span> <span class='ocrx_word' id='word_1_115' title='bbox 876 1359 967 1422; x_wconf 74' lang='grc' dir='ltr'>ἄλλον</span> 
     </span>
     <span class='ocr_line' id='line_1_16' title="bbox 158 1449 966 1532; baseline 0.002 -25"><span class='ocrx_word' id='word_1_116' title='bbox 158 1449 222 1508; x_wconf 79' lang='grc' dir='ltr'>τινὰ</span> <span class='ocrx_word' id='word_1_117' title='bbox 246 1449 279 1510; x_wconf 83' lang='grc' dir='ltr'>τό</span> <span class='ocrx_word' id='word_1_118' title='bbox 301 1451 385 1532; x_wconf 91' lang='grc' dir='ltr'>γέρας</span> <span class='ocrx_word' id='word_1_119' title='bbox 409 1453 482 1530; x_wconf 85' lang='grc' dir='ltr'>ἐχειν</span> <span class='ocrx_word' id='word_1_120' title='bbox 504 1450 559 1528; x_wconf 78' lang='grc' dir='ltr'>πρό</span> <span class='ocrx_word' id='word_1_121' title='bbox 588 1451 699 1508; x_wconf 79' lang='grc' dir='ltr'>ἐαυτοῦ·</span> <span class='ocrx_word' id='word_1_122' title='bbox 730 1449 793 1509; x_wconf 91' lang='grc' dir='ltr'>ἐπεί</span> <span class='ocrx_word' id='word_1_123' title='bbox 810 1475 844 1531; x_wconf 88' lang='grc' dir='ltr'>γε</span> <span class='ocrx_word' id='word_1_124' title='bbox 868 1450 913 1509; x_wconf 81' lang='grc' dir='ltr'>καὶ</span> <span class='ocrx_word' id='word_1_125' title='bbox 937 1455 966 1510; x_wconf 85' lang='grc' dir='ltr'>ἐν</span> 
     </span>
     <span class='ocr_line' id='line_1_17' title="bbox 159 1537 965 1616; baseline -0.002 -16"><span class='ocrx_word' id='word_1_126' title='bbox 159 1538 286 1616; x_wconf 67' lang='grc' dir='ltr'>Σπάρτη,</span> <span class='ocrx_word' id='word_1_127' title='bbox 309 1541 364 1616; x_wconf 81' lang='grc' dir='ltr'>ἐφη</span> <span class='ocrx_word' id='word_1_128' title='bbox 385 1539 401 1600; x_wconf 85' lang='grc' dir='ltr'>ό</span> <span class='ocrx_word' id='word_1_129' title='bbox 423 1538 593 1616; x_wconf 86' lang='grc' dir='ltr'>Δημάρητος</span> <span class='ocrx_word' id='word_1_130' title='bbox 613 1537 818 1615; x_wconf 73' lang='grc' dir='ltr'>ὑποτιθέμενος,</span> <span class='ocrx_word' id='word_1_131' title='bbox 836 1537 906 1597; x_wconf 76' lang='grc' dir='ltr'>οὕτω</span> <span class='ocrx_word' id='word_1_132' title='bbox 922 1565 965 1598; x_wconf 92' lang='grc' dir='ltr'>νο-</span> 
     </span>
     <span class='ocr_line' id='line_1_18' title="bbox 157 1621 966 1708; baseline 0.005 -26"><span class='ocrx_word' id='word_1_133' title='bbox 157 1625 301 1700; x_wconf 84' lang='grc' dir='ltr'>μίζεσθαι,</span> <span class='ocrx_word' id='word_1_134' title='bbox 320 1625 354 1704; x_wconf 78' lang='grc' dir='ltr'>ἢν</span> <span class='ocrx_word' id='word_1_135' title='bbox 374 1631 400 1687; x_wconf 82' lang='grc' dir='ltr'>οἶ</span> <span class='ocrx_word' id='word_1_136' title='bbox 413 1630 465 1705; x_wconf 84' lang='grc' dir='ltr'>μὲν</span> <span class='ocrx_word' id='word_1_137' title='bbox 487 1624 689 1708; x_wconf 78' lang='grc' dir='ltr'>προγεγονότες</span> <span class='ocrx_word' id='word_1_138' title='bbox 708 1627 774 1685; x_wconf 85' lang='grc' dir='ltr'>ἐωσι</span> <span class='ocrx_word' id='word_1_139' title='bbox 792 1627 859 1703; x_wconf 82' lang='grc' dir='ltr'>πρὶν</span> <span class='ocrx_word' id='word_1_140' title='bbox 879 1625 897 1702; x_wconf 83' lang='grc' dir='ltr'><em>ἢ</em></span> <span class='ocrx_word' id='word_1_141' title='bbox 917 1621 966 1686; x_wconf 81' lang='grc' dir='ltr'>τόν</span> 
     </span>
     <span class='ocr_line' id='line_1_19' title="bbox 158 1712 966 1795; baseline 0.006 -25"><span class='ocrx_word' id='word_1_142' title='bbox 158 1715 268 1791; x_wconf 89' lang='grc' dir='ltr'>πατέρα</span> <span class='ocrx_word' id='word_1_143' title='bbox 282 1716 379 1790; x_wconf 85' lang='grc' dir='ltr'>σφέων</span> <span class='ocrx_word' id='word_1_144' title='bbox 391 1718 578 1793; x_wconf 85' lang='grc' dir='ltr'>βασιλεῦσαι·</span> <span class='ocrx_word' id='word_1_145' title='bbox 601 1713 616 1774; x_wconf 83' lang='grc' dir='ltr'>ὁ</span> <span class='ocrx_word' id='word_1_146' title='bbox 630 1714 660 1772; x_wconf 87' lang='grc' dir='ltr'>δέ</span> <span class='ocrx_word' id='word_1_147' title='bbox 672 1712 857 1789; x_wconf 77' lang='grc' dir='ltr'>βασιλεύοντι</span> <span class='ocrx_word' id='word_1_148' title='bbox 870 1712 966 1795; x_wconf 80' lang='grc' dir='ltr'>ὀψίγο·</span> 
     </span>
     <span class='ocr_line' id='line_1_20' title="bbox 158 1802 966 1885; baseline 0.002 -24"><span class='ocrx_word' id='word_1_149' title='bbox 158 1827 206 1865; x_wconf 92' lang='grc' dir='ltr'>νος</span> <span class='ocrx_word' id='word_1_150' title='bbox 231 1804 399 1884; x_wconf 87' lang='grc' dir='ltr'>ἐπιγένηται,</span> <span class='ocrx_word' id='word_1_151' title='bbox 423 1808 474 1864; x_wconf 87' lang='grc' dir='ltr'>τοῦ</span> <span class='ocrx_word' id='word_1_152' title='bbox 497 1804 692 1885; x_wconf 74' lang='grc' dir='ltr'>ἐπιγενομένου</span> <span class='ocrx_word' id='word_1_153' title='bbox 712 1803 763 1878; x_wconf 76' lang='grc' dir='ltr'>τήν</span> <span class='ocrx_word' id='word_1_154' title='bbox 788 1802 890 1872; x_wconf 76' lang='grc' dir='ltr'>ἔκδεξιν</span> <span class='ocrx_word' id='word_1_155' title='bbox 916 1807 966 1876; x_wconf 77' lang='grc' dir='ltr'>τῆς</span> 
     </span>
     <span class='ocr_line' id='line_1_21' title="bbox 157 1891 965 1973; baseline 0.001 -25"><span class='ocrx_word' id='word_1_156' title='bbox 157 1891 317 1967; x_wconf 80' lang='grc' dir='ltr'>βασιληίης</span> <span class='ocrx_word' id='word_1_157' title='bbox 330 1893 469 1973; x_wconf 91' lang='grc' dir='ltr'>γίνεσθαι.</span> <span class='ocrx_word' id='word_1_158' title='bbox 498 1891 680 1972; x_wconf 88' lang='grc' dir='ltr'>χρησαμένου</span> <span class='ocrx_word' id='word_1_159' title='bbox 695 1891 724 1950; x_wconf 89' lang='grc' dir='ltr'>δέ</span> <span class='ocrx_word' id='word_1_160' title='bbox 737 1891 845 1968; x_wconf 79' lang='grc' dir='ltr'>Ξέρξεω</span> <span class='ocrx_word' id='word_1_161' title='bbox 858 1895 894 1970; x_wconf 79' lang='grc' dir='ltr'>τῇ</span> <span class='ocrx_word' id='word_1_162' title='bbox 908 1897 965 1968; x_wconf 81' lang='grc' dir='ltr'>Δη·</span> 
     </span>
    </p>

    <p class='ocr_par' dir='ltr' id='par_1_2' title="bbox 117 1977 965 2324">
     <span class='ocr_line' id='line_1_22' title="bbox 117 1977 962 2062; baseline 0 -24"><span class='ocrx_word' id='word_1_163' title='bbox 117 2007 119 2012; x_wconf 96' lang='grc'><strong><em>·</em></strong></span> <span class='ocrx_word' id='word_1_164' title='bbox 157 1977 286 2054; x_wconf 76' lang='grc' dir='ltr'>μαρὴτου</span> <span class='ocrx_word' id='word_1_165' title='bbox 304 1979 441 2059; x_wconf 75' lang='grc' dir='ltr'>ὖποθήκῃ,</span> <span class='ocrx_word' id='word_1_166' title='bbox 454 1981 538 2062; x_wconf 77' lang='grc' dir='ltr'>γνοδς</span> <span class='ocrx_word' id='word_1_167' title='bbox 554 1979 570 2039; x_wconf 83' lang='grc' dir='ltr'>ὁ</span> <span class='ocrx_word' id='word_1_168' title='bbox 590 1984 708 2055; x_wconf 83' lang='grc' dir='ltr'>Δαρεῖος</span> <span class='ocrx_word' id='word_1_169' title='bbox 722 1978 757 2042; x_wconf 66' lang='grc' dir='ltr'>οἷς</span> <span class='ocrx_word' id='word_1_170' title='bbox 770 1980 850 2059; x_wconf 88' lang='grc' dir='ltr'>λέγοι</span> <span class='ocrx_word' id='word_1_171' title='bbox 863 1979 962 2051; x_wconf 89' lang='grc' dir='ltr'>δίκαια,</span> 
     </span>
     <span class='ocr_line' id='line_1_23' title="bbox 156 2066 965 2146; baseline -0.001 -20"><span class='ocrx_word' id='word_1_172' title='bbox 156 2067 288 2142; x_wconf 87' lang='grc' dir='ltr'>βασιλέα</span> <span class='ocrx_word' id='word_1_173' title='bbox 301 2095 350 2146; x_wconf 87' lang='grc' dir='ltr'>μιν</span> <span class='ocrx_word' id='word_1_174' title='bbox 362 2068 464 2139; x_wconf 73' lang='grc' dir='ltr'>άπέδεξ</span> <span class='ocrx_word' id='word_1_175' title='bbox 477 2115 484 2127; x_wconf 95' lang='grc'><strong>.</strong></span> <span class='ocrx_word' id='word_1_176' title='bbox 521 2069 609 2128; x_wconf 88' lang='grc' dir='ltr'>δοκέει</span> <span class='ocrx_word' id='word_1_177' title='bbox 623 2069 653 2127; x_wconf 91' lang='grc' dir='ltr'>δέ</span> <span class='ocrx_word' id='word_1_178' title='bbox 665 2094 715 2144; x_wconf 91' lang='grc' dir='ltr'>μοι</span> <span class='ocrx_word' id='word_1_179' title='bbox 728 2067 774 2126; x_wconf 82' lang='grc' dir='ltr'>καὶ</span> <span class='ocrx_word' id='word_1_180' title='bbox 788 2066 852 2126; x_wconf 73' lang='grc' dir='ltr'>ἄνευ</span> <span class='ocrx_word' id='word_1_181' title='bbox 865 2067 965 2145; x_wconf 81' lang='grc' dir='ltr'>ταίπης</span> 
     </span>
     <span class='ocr_line' id='line_1_24' title="bbox 156 2153 964 2244; baseline -0.002 -26"><span class='ocrx_word' id='word_1_182' title='bbox 156 2159 209 2230; x_wconf 69' lang='grc' dir='ltr'>τῆς</span> <span class='ocrx_word' id='word_1_183' title='bbox 221 2155 366 2233; x_wconf 78' lang='grc' dir='ltr'>όποθήκης</span> <span class='ocrx_word' id='word_1_184' title='bbox 374 2160 552 2244; x_wconf 64' lang='grc' dir='ltr'>βασιλεδσαι</span> <span class='ocrx_word' id='word_1_185' title='bbox 565 2155 598 2216; x_wconf 78' lang='grc' dir='ltr'>ἂν</span> <span class='ocrx_word' id='word_1_186' title='bbox 611 2155 725 2232; x_wconf 77' lang='grc' dir='ltr'>Ξέρξης·</span> <span class='ocrx_word' id='word_1_187' title='bbox 739 2154 758 2232; x_wconf 84' lang='grc' dir='ltr'><em>ἦ</em></span> <span class='ocrx_word' id='word_1_188' title='bbox 771 2153 964 2237; x_wconf 77' lang='grc' dir='ltr'>γάρἈτοσσα</span> 
     </span>
     <span class='ocr_line' id='line_1_25' title="bbox 157 2243 620 2324; baseline 0.022 -22"><span class='ocrx_word' id='word_1_189' title='bbox 157 2243 218 2324; x_wconf 74' lang='grc' dir='ltr'>εἶχε</span> <span class='ocrx_word' id='word_1_190' title='bbox 230 2244 264 2305; x_wconf 84' lang='grc' dir='ltr'>τό</span> <span class='ocrx_word' id='word_1_191' title='bbox 275 2251 332 2306; x_wconf 84' lang='grc' dir='ltr'>πᾶν</span> <span class='ocrx_word' id='word_1_192' title='bbox 346 2247 454 2324; x_wconf 83' lang='grc' dir='ltr'>κράτος.</span> <span class='ocrx_word' id='word_1_193' title='bbox 618 2285 620 2290; x_wconf 95' lang='grc'><strong><em>·</em></strong></span> 
     </span>
    </p>

    <p class='ocr_par' dir='ltr' id='par_1_3' title="bbox 153 2332 995 3117">
     <span class='ocr_line' id='line_1_26' title="bbox 198 2332 995 2412; baseline 0.004 -20"><span class='ocrx_word' id='word_1_194' title='bbox 198 2332 353 2404; x_wconf 79' lang='grc' dir='ltr'>Ἀποδέξας</span> <span class='ocrx_word' id='word_1_195' title='bbox 372 2335 401 2394; x_wconf 87' lang='grc' dir='ltr'>δέ</span> <span class='ocrx_word' id='word_1_196' title='bbox 419 2335 546 2411; x_wconf 87' lang='grc' dir='ltr'>βασιλέα</span> <span class='ocrx_word' id='word_1_197' title='bbox 566 2335 699 2412; x_wconf 82' lang='grc' dir='ltr'>Πέρσησι</span> <span class='ocrx_word' id='word_1_198' title='bbox 718 2337 836 2411; x_wconf 82' lang='grc' dir='ltr'>Δαρεῖος</span> <span class='ocrx_word' id='word_1_199' title='bbox 852 2336 964 2412; x_wconf 77' lang='grc' dir='ltr'>Ξέρξεα,</span> <span class='ocrx_word' id='word_1_200' title='bbox 979 2340 995 2395; x_wconf 75' lang='grc'><strong>4</strong></span> 
     </span>
     <span class='ocr_line' id='line_1_27' title="bbox 156 2421 963 2503; baseline 0.001 -22"><span class='ocrx_word' id='word_1_201' title='bbox 156 2422 266 2500; x_wconf 87' lang='grc' dir='ltr'>ὅρμητο</span> <span class='ocrx_word' id='word_1_202' title='bbox 284 2424 499 2501; x_wconf 77' lang='grc' dir='ltr'>στρατεύεσθαι·</span> <span class='ocrx_word' id='word_1_203' title='bbox 521 2423 598 2481; x_wconf 81' lang='grc' dir='ltr'>άλλά</span> <span class='ocrx_word' id='word_1_204' title='bbox 616 2421 672 2503; x_wconf 81' lang='grc' dir='ltr'>γάρ</span> <span class='ocrx_word' id='word_1_205' title='bbox 688 2421 759 2498; x_wconf 76' lang='grc' dir='ltr'>μετὰ</span> <span class='ocrx_word' id='word_1_206' title='bbox 772 2422 860 2481; x_wconf 81' lang='grc' dir='ltr'>ταῦτά</span> <span class='ocrx_word' id='word_1_207' title='bbox 873 2449 903 2482; x_wconf 89' lang='grc' dir='ltr'>τε</span> <span class='ocrx_word' id='word_1_208' title='bbox 918 2427 963 2482; x_wconf 86' lang='grc' dir='ltr'>καὶ</span> 
     </span>
     <span class='ocr_line' id='line_1_28' title="bbox 156 2510 960 2590; baseline 0.005 -22"><span class='ocrx_word' id='word_1_209' title='bbox 156 2511 304 2590; x_wconf 81' lang='grc' dir='ltr'>Αέγόπτου</span> <span class='ocrx_word' id='word_1_210' title='bbox 319 2511 481 2571; x_wconf 85' lang='grc' dir='ltr'>άπάστασιν</span> <span class='ocrx_word' id='word_1_211' title='bbox 500 2514 539 2590; x_wconf 76' lang='grc' dir='ltr'>τῷ</span> <span class='ocrx_word' id='word_1_212' title='bbox 559 2510 665 2590; x_wconf 75' lang='grc' dir='ltr'>όστέριρ</span> <span class='ocrx_word' id='word_1_213' title='bbox 680 2511 734 2569; x_wconf 81' lang='grc' dir='ltr'>ἔτεϊ</span> <span class='ocrx_word' id='word_1_214' title='bbox 752 2513 960 2588; x_wconf 79' lang='grc' dir='ltr'>παρασκευαζό-</span> 
     </span>
     <span class='ocr_line' id='line_1_29' title="bbox 154 2599 962 2676; baseline 0.002 -19"><span class='ocrx_word' id='word_1_215' title='bbox 154 2624 242 2673; x_wconf 87' lang='grc' dir='ltr'>μενον</span> <span class='ocrx_word' id='word_1_216' title='bbox 263 2600 407 2676; x_wconf 72' lang='grc' dir='ltr'>συνηνεικε</span> <span class='ocrx_word' id='word_1_217' title='bbox 431 2599 515 2659; x_wconf 73' lang='grc' dir='ltr'>αὐτόν</span> <span class='ocrx_word' id='word_1_218' title='bbox 540 2603 659 2676; x_wconf 82' lang='grc' dir='ltr'>Δαρεῖον</span> <span class='ocrx_word' id='word_1_219' title='bbox 685 2599 899 2675; x_wconf 81' lang='grc' dir='ltr'>βασιλεύσαντα</span> <span class='ocrx_word' id='word_1_220' title='bbox 927 2601 962 2662; x_wconf 77' lang='grc' dir='ltr'>τά</span> 
     </span>
     <span class='ocr_line' id='line_1_30' title="bbox 154 2685 961 2764; baseline 0.005 -20"><span class='ocrx_word' id='word_1_221' title='bbox 154 2685 249 2746; x_wconf 85' lang='grc' dir='ltr'>πάντα</span> <span class='ocrx_word' id='word_1_222' title='bbox 268 2689 330 2747; x_wconf 83' lang='grc' dir='ltr'>ἐτεα</span> <span class='ocrx_word' id='word_1_223' title='bbox 350 2689 380 2757; x_wconf 77' lang='grc' dir='ltr'>ἐξ</span> <span class='ocrx_word' id='word_1_224' title='bbox 396 2713 427 2748; x_wconf 89' lang='grc' dir='ltr'>τε</span> <span class='ocrx_word' id='word_1_225' title='bbox 446 2688 492 2746; x_wconf 86' lang='grc' dir='ltr'>καὶ</span> <span class='ocrx_word' id='word_1_226' title='bbox 505 2688 661 2764; x_wconf 83' lang='grc' dir='ltr'>τριήκοντα,</span> <span class='ocrx_word' id='word_1_227' title='bbox 679 2688 836 2758; x_wconf 77' lang='grc' dir='ltr'>ἀποθανεῖν,</span> <span class='ocrx_word' id='word_1_228' title='bbox 854 2688 917 2748; x_wconf 79' lang='grc' dir='ltr'>οὐδέ</span> <span class='ocrx_word' id='word_1_229' title='bbox 935 2692 961 2748; x_wconf 81' lang='grc' dir='ltr'>οἳ</span> 
     </span>
     <span class='ocr_line' id='line_1_31' title="bbox 155 2773 961 2858; baseline 0.005 -24"><span class='ocrx_word' id='word_1_230' title='bbox 155 2775 298 2856; x_wconf 80' lang='grc' dir='ltr'>ἐξεγένετο</span> <span class='ocrx_word' id='word_1_231' title='bbox 316 2773 388 2836; x_wconf 64' lang='grc' dir='ltr'>ὀὔτε</span> <span class='ocrx_word' id='word_1_232' title='bbox 414 2778 478 2841; x_wconf 76' lang='grc' dir='ltr'>τούς</span> <span class='ocrx_word' id='word_1_233' title='bbox 503 2776 680 2838; x_wconf 72' lang='grc' dir='ltr'>ἐπεστεῶτας</span> <span class='ocrx_word' id='word_1_234' title='bbox 704 2777 871 2858; x_wconf 79' lang='grc' dir='ltr'>Αἰγυπτίους</span> <span class='ocrx_word' id='word_1_235' title='bbox 890 2777 961 2838; x_wconf 78' lang='grc' dir='ltr'>ὀὔτε</span> 
     </span>
     <span class='ocr_line' id='line_1_32' title="bbox 155 2861 960 2944; baseline 0.006 -22"><span class='ocrx_word' id='word_1_236' title='bbox 155 2861 322 2940; x_wconf 88' lang='grc' dir='ltr'>Ἀθηναίους</span> <span class='ocrx_word' id='word_1_237' title='bbox 340 2867 565 2944; x_wconf 83' lang='grc' dir='ltr'>τιμωρήσασθαι·</span> <span class='ocrx_word' id='word_1_238' title='bbox 587 2864 775 2928; x_wconf 77' lang='grc' dir='ltr'>ἀποθανόντος</span> <span class='ocrx_word' id='word_1_239' title='bbox 789 2866 818 2925; x_wconf 86' lang='grc' dir='ltr'>δέ</span> <span class='ocrx_word' id='word_1_240' title='bbox 832 2867 960 2944; x_wconf 88' lang='grc' dir='ltr'>Δαρείου,</span> 
     </span>
     <span class='ocr_line' id='line_1_33' title="bbox 153 2950 959 3032; baseline 0.004 -20"><span class='ocrx_word' id='word_1_241' title='bbox 153 2950 174 3028; x_wconf 75' lang='grc' dir='ltr'><em>ἦ</em></span> <span class='ocrx_word' id='word_1_242' title='bbox 201 2954 344 3029; x_wconf 77' lang='grc' dir='ltr'>βασιληίη</span> <span class='ocrx_word' id='word_1_243' title='bbox 372 2953 533 3032; x_wconf 83' lang='grc' dir='ltr'>α’νεχάρησε</span> <span class='ocrx_word' id='word_1_244' title='bbox 555 2958 581 3016; x_wconf 89' lang='grc' dir='ltr'>ἐς</span> <span class='ocrx_word' id='word_1_245' title='bbox 602 2952 652 3012; x_wconf 83' lang='grc' dir='ltr'>τόν</span> <span class='ocrx_word' id='word_1_246' title='bbox 675 2953 761 3012; x_wconf 82' lang='grc' dir='ltr'>παῖδα</span> <span class='ocrx_word' id='word_1_247' title='bbox 783 2953 834 3014; x_wconf 82' lang='grc' dir='ltr'>τόν</span> <span class='ocrx_word' id='word_1_248' title='bbox 858 2957 959 3015; x_wconf 89' lang='grc' dir='ltr'>ἐκείνου</span> 
     </span>
     <span class='ocr_line' id='line_1_34' title="bbox 153 3042 270 3117; baseline 0 -18"><span class='ocrx_word' id='word_1_249' title='bbox 153 3042 270 3117; x_wconf 79' lang='grc' dir='ltr'>Ξέρξεα.</span> 
     </span>
    </p>

    <p class='ocr_par' dir='ltr' id='par_1_4' title="bbox 152 3128 993 3378">
     <span class='ocr_line' id='line_1_35' title="bbox 195 3128 993 3205; baseline -0.006 -17"><span class='ocrx_word' id='word_1_250' title='bbox 195 3129 230 3188; x_wconf 80' lang='lat' dir='ltr'>‘O</span> <span class='ocrx_word' id='word_1_251' title='bbox 251 3131 344 3189; x_wconf 87' lang='grc' dir='ltr'>τοίνυν</span> <span class='ocrx_word' id='word_1_252' title='bbox 364 3129 470 3205; x_wconf 74' lang='grc' dir='ltr'>Ξέρξης</span> <span class='ocrx_word' id='word_1_253' title='bbox 487 3130 532 3186; x_wconf 85' lang='grc' dir='ltr'>ἐπὶ</span> <span class='ocrx_word' id='word_1_254' title='bbox 551 3131 602 3203; x_wconf 77' lang='grc' dir='ltr'>μὲν</span> <span class='ocrx_word' id='word_1_255' title='bbox 619 3128 671 3201; x_wconf 73' lang='grc' dir='ltr'>τὴν</span> <span class='ocrx_word' id='word_1_256' title='bbox 688 3128 815 3184; x_wconf 86' lang='grc' dir='ltr'>Ἑλλάδα</span> <span class='ocrx_word' id='word_1_257' title='bbox 836 3128 993 3200; x_wconf 79' lang='grc' dir='ltr'>οόδαμῶςδ</span> 
     </span>
     <span class='ocr_line' id='line_1_36' title="bbox 152 3212 958 3293; baseline -0.012 -19"><span class='ocrx_word' id='word_1_258' title='bbox 152 3217 301 3293; x_wconf 85' lang='grc' dir='ltr'>πρόθυμος</span> <span class='ocrx_word' id='word_1_259' title='bbox 314 3217 349 3290; x_wconf 82' lang='grc' dir='ltr'>ἦν</span> <span class='ocrx_word' id='word_1_260' title='bbox 363 3215 421 3274; x_wconf 82' lang='grc' dir='ltr'>κατ’</span> <span class='ocrx_word' id='word_1_261' title='bbox 437 3215 524 3292; x_wconf 74' lang='grc' dir='ltr'>ἀρχάς</span> <span class='ocrx_word' id='word_1_262' title='bbox 538 3213 749 3287; x_wconf 77' lang='grc' dir='ltr'>στρατεύεσθαι,</span> <span class='ocrx_word' id='word_1_263' title='bbox 761 3213 805 3266; x_wconf 77' lang='grc' dir='ltr'>ἐπὶ</span> <span class='ocrx_word' id='word_1_264' title='bbox 817 3213 846 3266; x_wconf 86' lang='grc' dir='ltr'>δέ</span> <span class='ocrx_word' id='word_1_265' title='bbox 857 3212 958 3284; x_wconf 82' lang='grc' dir='ltr'>Αἴγυπ-</span> 
     </span>
     <span class='ocr_line' id='line_1_37' title="bbox 154 3291 958 3378; baseline -0.019 -17"><span class='ocrx_word' id='word_1_266' title='bbox 154 3327 202 3361; x_wconf 73' lang='grc' dir='ltr'>τον</span> <span class='ocrx_word' id='word_1_267' title='bbox 220 3304 346 3361; x_wconf 83' lang='grc' dir='ltr'>ἐποιέετο</span> <span class='ocrx_word' id='word_1_268' title='bbox 365 3309 500 3378; x_wconf 84' lang='grc' dir='ltr'>στρατιῆς</span> <span class='ocrx_word' id='word_1_269' title='bbox 516 3301 641 3377; x_wconf 80' lang='grc' dir='ltr'>ἄγερσιν·</span> <span class='ocrx_word' id='word_1_270' title='bbox 656 3295 764 3368; x_wconf 81' lang='grc' dir='ltr'>παρεών</span> <span class='ocrx_word' id='word_1_271' title='bbox 777 3295 806 3348; x_wconf 88' lang='grc' dir='ltr'>δέ</span> <span class='ocrx_word' id='word_1_272' title='bbox 821 3295 866 3348; x_wconf 85' lang='grc' dir='ltr'>καὶ</span> <span class='ocrx_word' id='word_1_273' title='bbox 882 3291 958 3347; x_wconf 84' lang='grc' dir='ltr'>δυνό-</span> 
     </span>
    </p>
   </div>
   <div class='ocr_carea' id='block_1_2' title="bbox 0 0 1142 3554">
    <p class='ocr_par' dir='ltr' id='par_1_5' title="bbox 0 0 1142 3554">
     <span class='ocr_line' id='line_1_38' title="bbox 0 0 1142 3554; baseline 0 3"><span class='ocrx_word' id='word_1_274' title='bbox 0 0 1142 3554; x_wconf 95' lang='lat' dir='ltr'> </span> 
     </span>
    </p>
   </div>
  </div>
 </body>
</html>
