2250 3552
129 145 271 212 los-108]
436 147 623 197 κκιιῐοιιο.
707 169 709 174 ·
882 149 927 196 ιιι

128 224 309 301 ἐποιήσαντο,
333 228 415 288 πίστι
434 254 465 285 τε
491 226 702 304 καταλαβόντες
728 227 774 286 καὶ
801 227 930 304 ὁρκίοισι,

128 314 257 390 ἐμμένειν
270 340 301 373 τε
315 315 361 374 καὶ
373 314 414 391 μη
429 314 657 392 ἀποστήσεσθαι·
677 314 792 379 τούτους
805 315 834 374 δὲ
849 341 931 374 κατα·

128 401 269 478 λαβόντες
289 401 417 479 ὁρκίοισι,
446 404 546 464 ἔπλεον
569 405 618 468 τάς
640 403 764 485 γεφύρας
787 403 931 468 λύσοντες·

129 491 170 548 ἐτι
192 491 248 571 γάρ
276 491 385 551 ἐδόκεον
405 493 583 569 ἐντεταμένας
607 491 744 570 εύρήσειν.
785 489 863 552 οὗτοι
881 494 933 569 μὲν

88 651 97 665 .
129 578 164 654 δὴ
178 577 220 637 ἐπ’
233 578 450 654 Ἑλλησπόντου
463 581 572 641 ἔπλεον.

170 671 232 726 Τῶν
250 667 280 726 δέ
295 667 498 748 ἀποφυγόντων
516 667 672 746 βαρβάρων
689 673 716 731 ἐς
735 667 771 728 τά
791 667 862 746 άκρα
881 669 978 729 ulo?

129 759 180 830 τῆς
207 755 345 831 Μυκάλης
372 757 597 831 κατειληθέντων,
623 755 722 816 ἐόντων
748 756 781 816 ού
807 761 931 826 πολλῶν,

131 843 236 922 ἐγίνετο
250 843 349 920 κομιδὴ
364 849 391 907 ἐς
410 844 519 920 Σάρδις*
539 845 730 920 πορευομένων
744 844 781 914 δέ,
795 843 854 904 κατ’
867 844 933 904 ὀδόν

130 932 286 1007 Μασίστης
299 930 315 990 ὅ
330 933 451 1008 Δαρείου
469 931 636 1011 παρατυχών
649 936 687 1009 τῷ
701 931 785 992 πάθεϊ
803 935 841 1010 τῷ
853 958 932 1012 γεγο-

130 1015 190 1076 νότι
208 1018 257 1078 τόν
274 1019 434 1100 στρατηγόν
452 1018 622 1097 Ἀρταΰντην
639 1021 717 1100 ἔλεγε
733 1020 830 1078 πολλά
842 1046 873 1079 τε
887 1020 933 1078 καὶ

131 1106 212 1176 κακά,
227 1106 304 1166 ἄλλα
323 1133 354 1167 τε
375 1109 421 1166 καὶ
437 1107 565 1188 γυναικός
586 1109 670 1166 κακίω
688 1107 745 1183 φάς
765 1106 850 1168 αύτδν
864 1108 933 1166 εἶναι

130 1199 247 1253 τοιαῦτα
277 1194 521 1276 στρατηγήσαντα,
550 1196 597 1254 καὶ
633 1193 646 1217 ”
664 1221 706 1254 ιον
735 1195 803 1256 εἶναι
830 1195 933 1258 παντός

132 1285 218 1341 κακοῦ
231 1281 281 1342 τὸν
290 1284 429 1360 βασιλέος
443 1283 520 1343 οἶκον
531 1282 704 1343 κακώσαντα·
723 1283 800 1361 παρὰ
814 1284 843 1342 δέ
856 1287 933 1344 τοῖσι

132 1370 266 1450 Πέρσησι
289 1371 417 1452 γυναικός
444 1372 528 1430 κακίω
548 1369 668 1431 ἀκοῦσαι
688 1371 780 1434 δέννος
800 1371 934 1452 μέγιστός

133 1463 203 1518 ἐστι·
231 1458 247 1518 ό
269 1459 306 1529 δὲ,
329 1461 388 1518 ἐπεὶ
412 1459 509 1519 πολλά
530 1457 642 1534 ἤκουσε,
666 1459 741 1518 δεινά
762 1460 932 1537 ποιεύμενος,

133 1551 241 1606 σπᾶται
255 1547 301 1606 ἐπὶ
317 1546 366 1608 τδν
384 1548 539 1624 Μασίστην
552 1545 602 1608 τόν
619 1545 761 1630 ἀκινάκεα,
773 1548 933 1609 άποκτείναι

134 1635 232 1696 θέλων·
263 1637 311 1695 καί
328 1661 377 1712 μιν
398 1637 543 1696 ἐπιθέοντα
565 1636 705 1713 ’φρασθεὶς
726 1638 895 1719 ’Ξειναγόρης
916 1637 932 1698 ὁ

135 1723 291 1799 Πρηξίλεω,
323 1723 393 1801 ἀνὴρ
420 1723 669 1801 Ἁλικαρνησσεύς,
699 1724 801 1786 ὄπισθε
834 1725 934 1788 ἑστεώς

134 1809 218 1870 αύτοῦ
234 1811 413 1889 Ἀρταΰντεω,
435 1811 552 1890 ἁρπάζει
569 1813 666 1888 μέσον,
686 1814 731 1871 καὶ
744 1812 842 1892 ἐξάρας
858 1813 934 1872 παίει

135 1903 162 1961 ἐς
177 1899 229 1974 τὴν
246 1904 309 1980 γῆν·
337 1901 383 1958 καὶ
403 1901 538 1980 ἐντούτῳ
559 1904 586 1960 οἱ
606 1899 758 1977 δορυφόροι
778 1902 934 1960 Μασίστεω

134 1988 324 2064 προέστησαν·
368 1988 384 2048 ό
411 1988 441 2048 δέ
466 1987 635 2070 Ξειναγόρης
665 1993 752 2048 ταῦτα
784 1988 933 2069 ἐργάσατο,

135 2074 237 2154 χάριτα
268 2075 341 2155 αύτῷ
366 2101 397 2136 τε
424 2078 563 2154 Μασίστῃ
593 2076 735 2153 τιθέμενος
762 2077 807 2134 καὶ
833 2077 931 2156 Ξέρξη,

136 2165 262 2235 ἐκσώζων
274 2163 325 2224 τόν
338 2163 477 2240 άδελφεὸν
490 2163 538 2224 τᾶν
552 2165 665 2224 ἐκείνου·
687 2165 732 2224 καὶ
746 2165 791 2224 διὰ
804 2169 887 2224 τοῦτο
900 2165 933 2224 τδ

136 2251 216 2331 ἔργον
233 2252 402 2332 ’Ξειναγόρης
422 2253 552 2326 Κιλικίης
570 2251 665 2328 πάσης
682 2252 756 2331 ἦρξε,
772 2252 867 2317 δόντος
879 2254 934 2330 βα·

135 2341 239 2402 σιλέος·
274 2343 329 2399 τῶν
350 2341 379 2399 δὲ
402 2339 460 2399 κατ’
484 2339 549 2421 άδδν
573 2342 771 2418 πορευομένων,
795 2341 873 2402 ούδέν
894 2343 934 2402 ἐτι

135 2429 223 2487 πλέον
243 2429 352 2508 ἐγένετο
371 2429 482 2497 τούτων,
502 2427 566 2486 ἀλλ’
585 2427 761 2490 α’πικνέονται
780 2434 807 2494 ἐς
823 2429 933 2507 Σάρδις·

135 2520 164 2576 ἐν
174 2515 204 2574 δὲ
217 2519 284 2594 τῇσι
296 2515 413 2592 Σάρδισι
427 2516 560 2596 ἐτύγχανε
571 2515 621 2575 ἐιδν
631 2517 778 2592 βασιλεὺς,
788 2518 819 2586 ἐξ
831 2520 934 2578 ἐκείνου

134 2607 192 2667 τοῦ.
207 2603 310 2682 χρόνου
335 2606 396 2664 ἐπεί
413 2631 444 2664 τε
467 2605 498 2674 ἐξ
514 2603 661 2680 Ἀθηνέων,
680 2607 879 2682 προσπταίσας
899 2611 935 2683 τῇ

135 2692 283 2771 ναυμαχίη,
298 2692 395 2774 φυγών
407 2691 530 2751 άπίκετο.

176 2779 245 2840 Τότε
259 2781 289 2840 δέ
303 2785 332 2840 ἐν
344 2785 412 2859 τῇσι
426 2779 544 2856 Σάρδισι
557 2779 608 2839 ε’ὠν
621 2778 675 2857 ἄρα
688 2779 744 2858 ἤρα
756 2785 807 2857 τῆς
819 2782 913 2840 Μασί-
926 2783 982 2842 108

136 2895 209 2928 στεω
221 2868 358 2950 γυναικός,
373 2867 472 2943 ἐούσης
489 2869 534 2926 καὶ
552 2866 652 2943 ταύτης
669 2871 795 2928 ἐνθαῦτα·
817 2869 852 2932 ὥς
866 2869 897 2928 δέ
910 2873 937 2929 οἱ

136 2958 351 3034 προσπέμποντι
383 2955 432 3015 οὐκ
466 2955 578 3015 ἐδύνατο
611 2957 842 3037 κατεργασθῆναι,
873 2956 936 3016 οὐδὲ

135 3046 205 3122 βίην
222 3045 391 3122 προσέφερε,
405 3044 631 3120 προμηθεόμενος
648 3044 698 3104 τόν
716 3044 855 3121 ἀδελφεόν
873 3051 936 3104 Μα·

137 3134 250 3209 σίστην·
270 3131 359 3192 τῶυτδ
383 3132 412 3192 δέ
436 3135 520 3192 τοῦτο
546 3131 605 3210 εἶχε
627 3133 673 3190 καὶ
690 3133 741 3207 τήν
758 3137 884 3214 γυναῖκα·
906 3132 936 3192 εὖ

136 3220 191 3302 γὰρ
205 3222 340 3280 ἐπίστατο
352 3221 420 3296 βίης
433 3219 465 3278 ού
478 3219 637 3296 τευξομένη·
657 3221 774 3280 ἐνθαῦτα
788 3219 937 3298 δῆΞέρξης

138 3309 286 3388 ἐργόμενος
298 3311 353 3368 τῶν
366 3306 470 3376 ἄλλων,
484 3307 609 3384 πρήσσει
621 3307 671 3366 τόν
684 3308 775 3388 γάμον
787 3311 887 3368 τοῦτον
899 3312 937 3383 τῷ
