2282 3550
162 143 271 210 ιν-υι]
493 131 659 192 στρατια(
912 143 958 194 227

161 223 316 300 κατήκουσι
332 221 480 302 πρήγμασι
498 220 563 281 τάδε
580 221 697 298 ποιητέα
715 229 771 298 σφι
787 221 856 282 εἶναι
871 222 960 302 ἔλεγε·

160 315 216 371 τιῦν
232 337 265 370 τε
283 309 433 386 προβάτων
450 314 504 368 τιῦν
524 309 672 386 Εὐβοϊκῶν
688 310 832 372 καταθύειν
845 309 901 370 ὅσα
918 337 959 373 τις

162 400 264 459 ἐθέλοι·
299 398 433 476 (κρέσσον
452 397 507 478 γοὶρ
528 397 597 456 εἶναι
616 397 668 474 τήν
694 398 829 476 στρατιήν
850 401 922 476 ἔχειν
942 397 961 474 ἢ

161 485 226 550 τοῦς
245 486 417 566 πολεμίους’)
444 487 576 562 παραίνεέ
595 513 626 546 τε
641 491 784 562 προειπεῖν
801 491 878 546 τοῖσι
899 491 960 548 ἑωυ-

161 578 217 634 τιῦν
237 575 371 636 ἑκάστους
392 578 447 650 πῦρ
468 572 616 633 άνακαίειν·
644 575 759 650 κομιδῆς
780 575 809 633 δὲ
829 575 893 650 πέρι
910 575 961 649 τῆν

163 661 235 739 ιῦρην
259 661 333 740 αῦτιῆ
352 661 495 739 μελήσειν,
527 661 599 722 ὥστε
619 661 732 726 άσινέας
756 661 906 722 ἀπικέσθαι
934 668 962 726 ἐς

162 749 213 826 τήν
225 749 359 810 Ἑλλάδα.
402 753 490 810 ταῦτα
502 749 590 827 ήρεσέ
602 756 658 825 σφι
671 753 783 810 ποιέειν·
804 753 850 810 καὶ
864 750 962 810 αι’τίκα

162 843 218 915 πῦρ
241 838 465 915 οἷνακαυσάμενοι
486 838 637 916 ἐτράποντο
663 839 733 915 πρὸς
758 838 794 898 τά
819 839 961 914 πρόβατα,

164 929 201 985 Οἱ
233 927 288 1008 γάρ
322 926 446 1002 Εὐβοέες
481 925 731 1005 παραχρησάμενοι
761 925 811 986 τᾶν
844 927 962 990 Βάκιδος
971 930 1009 986 20

162 1014 295 1092 χρησμόν
323 1014 358 1078 (ῦς
378 1015 456 1074 οῦδὲν
482 1015 610 1096 λέγοντα,
632 1013 694 1074 οὔτε
717 1041 745 1074 τι
765 1014 962 1090 ἐξεκομίσαντο

163 1101 242 1163 οὐδὲν
256 1103 318 1162 οὔτε
335 1102 527 1180 προεσάξαντο
544 1098 579 1166 οἷς
597 1104 791 1180 παρεσομένου
810 1109 866 1178 σφι
879 1104 963 1162 πολέ-

163 1217 226 1266 μου,
252 1193 400 1268 περιπετέα
422 1217 453 1250 τε
482 1189 652 1265 ἐποιήσαντο
679 1192 767 1266 σφίσι
792 1189 903 1250 αὐτοῖσι
927 1189 963 1250 τά

163 1279 325 1360 πρήγματα·
360 1278 458 1338 Βάκιδι
484 1278 540 1360 γάρ
566 1276 618 1337 ὧδε
645 1279 702 1358 ἔχει
728 1278 792 1356 περὶ
817 1277 921 1338 τούτων
948 1277 965 1338 ὁ

163 1368 302 1446 κνησμός·
885 1427 888 1432 .

230 1473 320 1532 Φράζεα
336 1472 524 1534 βαρβαρόφωνον
540 1472 599 1518 ὅταν
616 1472 687 1532 ζυγὸν
704 1474 735 1521 εἰς
752 1473 801 1520 ἅλα
817 1474 901 1535 βάλλῃ

229 1547 350 1607 βύβλινον,
372 1544 474 1606 Εὐβοίης
492 1544 593 1603 ἀπέχειν
610 1546 781 1604 πολυμηκάδας
799 1547 878 1606 αἶγας.

164 1628 290 1689 τοιίτοισι
302 1629 331 1687 δὲ
345 1627 422 1688 οῦδὲν
439 1632 516 1688 τοῖσι
534 1629 614 1687 ἐπεσι
627 1631 833 1706 χρησαμένοισι
847 1637 875 1690 ἐν
887 1633 964 1691 τοῖσι

164 1716 228 1778 nire
241 1717 381 1794 παρεοῦσί
391 1743 421 1776 τε
440 1717 486 1776 καὶ
502 1715 720 1793 προσδοκίμοισι
737 1723 857 1788 κακοῖσι,
871 1721 964 1794 παρῆν

571 1803 578 1824 λ

165 1811 221 1881 σφι
235 1809 371 1884 συμφορῇ
384 1805 510 1884 χρῆσθαι
523 1829 593 1882 προς
606 1803 642 1863 τοὶ
654 1806 785 1886 μέγιστα.

207 1897 244 1953 Οἱ
259 1895 311 1970 μὲν
326 1892 360 1969 δή
379 1897 467 1952 ταῦτα
486 1893 638 1968 ἔπρησσον,
653 1897 745 1968 παρῆν
764 1893 793 1951 δὲ
812 1892 827 1952 ὁ
844 1898 873 1952 ἐκ
892 1893 1007 1970 'spa-21

164 1985 243 2061 χῖνος
274 1980 461 2044 κατάσκοπος.
504 1978 539 2054 ἦν
567 1983 618 2056 μὲν
644 1980 699 2061 γάρ
730 1980 770 2040 ἐπ’
797 1980 964 2060 Ἀρτεμισίῳ

166 2070 351 2139 κατάσκοπος,
372 2067 495 2139 Πολύας,
512 2069 592 2149 γένος
609 2068 790 2145 Ἀντικυρεῦς,
806 2073 845 2147 τῷ
861 2095 963 2146 προσε·

164 2159 289 2228 τέτακτο,
313 2159 371 2240 (καὶ
392 2157 450 2236 εἶχε
465 2160 566 2216 πλοῖον
586 2161 701 2234 κατῆρες
720 2158 850 2237 ἐτοῖμον,)
867 2161 891 2218 εἰ
911 2184 963 2216 πα-

165 2246 264 2322 λήσειε
282 2246 298 2307 o‘
316 2245 442 2309 ναυτικάς
457 2244 585 2322 στρατδς,
604 2245 750 2321 σημαίνειν
763 2251 839 2307 τοῖσι
855 2252 883 2307 ἐν
897 2254 964 2324 Θερ-

165 2335 313 2414 μοπύλῃσι
340 2338 427 2394 ἐοῦσι·
464 2332 498 2396 ὣς
524 2332 547 2391 δ’
569 2333 655 2396 αὕτως
683 2332 717 2408 ῆν
742 2334 921 2416 Ἀβριίνυχος
947 2335 963 2396 ὁ

166 2424 331 2493 Λυσικλέος,
354 2423 510 2499 Ἀθηναῖος,
539 2423 585 2480 καὶ
610 2422 686 2498 παρά
709 2425 831 2502 Λεωνίδη
856 2428 965 2501 ἑτοῖμος

166 2516 242 2572 τοῖσι
262 2511 304 2572 ἐπ’
321 2511 489 2590 Ἀρτεμισίῳ
510 2513 589 2569 ἐοῦσι
607 2509 758 2590 ἀγγέλλειν
775 2513 964 2590 τριηκοντέρῳ,

165 2599 200 2677 ῆν
217 2627 245 2660 τι
262 2599 467 2677 καταλαμβάνῃ
486 2596 616 2674 νεώτερον
631 2598 680 2658 τᾶν
698 2598 791 2670 πεζόν.
833 2597 912 2662 οὗτος
929 2597 965 2658 ὧν

167 2688 376 2766 ὁἈβροίνυχος
388 2685 554 2764 ἀπικόμενός
567 2694 624 2762 σφι
637 2682 768 2763 ἐσήμαινε
781 2686 817 2746 τοὶ
829 2685 965 2766 γεγονότα

167 2779 231 2854 περὶ
253 2776 391 2837 Λεωνίδεα
412 2776 457 2834 καὶ
480 2774 529 2834 τᾶν
550 2773 672 2850 στρατδν
696 2773 790 2834 αὐτοῦ·
832 2777 859 2832 οἶ
880 2773 909 2832 δὲ
931 2773 965 2838 ὦς

168 2866 303 2926 ἐπύθοντο
324 2869 419 2934 ταῦτα,
437 2863 527 2923 οὐκέτι
548 2867 574 2926 ἐς
593 2861 738 2938 ἀναβολάς
755 2865 897 2922 ἐποιεῦντο
915 2862 966 2937 τῆν

168 2952 359 3032 ἀποχώρησιν·
393 2953 552 3028 ἐκομίζοντο
568 2951 597 3009 δὲ
615 2950 649 3012 ὥς
666 2951 779 3010 ἕκαστοι
796 2949 965 3029 ἐτάχθησαν,

168 3042 314 3119 Κορίνθιοι
327 3044 431 3116 πρῶτοι
444 3038 560 3098 ὕστατοι
576 3037 605 3096 δὲ
617 3037 770 3112 Ἀθηναῖοι.
812 3037 965 3113 Ἀθηναίων
975 3041 1014 3096 22

167 3129 198 3188 δὲ
221 3130 284 3191 νέας
300 3126 350 3190 τάς
371 3126 474 3203 άριστα
494 3123 643 3186 πλωούσας
665 3124 860 3200 ἐπιλεξάμενος
884 3132 965 3201 Θεμι-

169 3216 307 3292 στοκλέης
321 3213 466 3292 ἐπορεύετο
479 3213 543 3289 περὶ
556 3211 591 3268 τὰ
604 3210 709 3285 πότιμα
722 3210 817 3278 ὕδατα,
829 3210 966 3285 ἐντάμνων

171 3310 199 3366 ἐν
211 3307 289 3366 τοῖσι
304 3302 412 3364 λίθοισι
429 3299 588 3381 γράμματα,
602 3296 638 3354 τοὶ
649 3294 742 3357 Ἴωνες·
756 3297 918 3358 ἐπελθόντες
931 3299 967 3373 τῆ

1066 3437 1136 3524 Δ
