2258 3568
171 143 202 192 τι
471 143 655 192 Ἧνοιοτοτ
924 141 972 208 [ν.

168 247 214 285 τες
231 220 351 301 ε’χοιίσης
365 228 391 286 ἐς
404 222 578 297 Ἀθηναίους,
591 220 656 282 τότε
669 223 802 296 Θηβαίων
823 220 974 296 δεηθέντων

171 309 297 386 πόλεμον
311 309 465 387 ἀκήρυκτον
478 309 655 386 Ἀθηναίοισι
670 311 815 385 ἐπέφερον·
839 312 974 386 ἐπικειμέ-

169 425 222 459 νων
242 397 297 480 γὰρ
321 397 410 459 αι’τῶν
431 403 589 469 Βοιωτοῖσι,
613 396 824 461 ἐπιπλώσαντες
846 402 974 476 μακρῇσι

169 488 252 564 νηυσὶ
274 493 300 550 ές
321 487 373 563 τὴν
390 487 528 563 Ἀττικὴν,
550 487 620 546 κατὰ
641 489 692 564 μὲν
713 487 814 562 ἔσυραν
831 485 973 562 Φάληρον,

171 575 240 636 κατὰ
254 576 284 634 δὲ
297 580 347 650 τῆς
364 575 455 653 ἄλλης
469 575 610 654 παραλίης
631 575 757 638 πολλοὺς
776 574 889 650 δήμους·
910 600 973 633 ποι-

169 668 259 727 εῦντες
273 663 410 738 δὲταῦτα,
427 665 556 746 μεγάλως
569 662 733 740 Ἀθηναίους
747 663 883 722 ε’σίνοντο.

122 755 159 811 82
209 750 246 811 Ἡ
264 752 294 810 δὲ
316 753 401 830 ἔχθρη
422 753 440 829 ἦ
461 754 690 830 προοφειλομένη
710 757 737 814 ές
756 749 921 826 Ἀθηναίους
942 757 973 810 ἔκ

170 845 225 900 τῶν
239 841 415 921 Αἰγινητέων,
431 843 540 922 ἐγένετο
553 841 584 910 ἐξ
597 840 686 920 ἀρχῆς
698 839 822 915 τοιῆσδε·
843 838 972 898 Ἐπιδαυ-

169 929 258 1004 ρίοισι
278 927 296 1003 ἦ
317 934 355 1010 γῆ
378 929 485 1006 καρπδν
500 929 597 988 οὐδένα
611 928 745 988 ἀνεδίδου.
786 927 850 1006 περὶ
870 927 973 1004 ταύτης

170 1015 207 1076 ὧν
227 1022 277 1093 τῆς
297 1023 448 1094 συμφορῆς
468 1021 495 1077 οἱ
508 1017 681 1093 Ἐπιδαύριοι
702 1017 837 1095 ε’χρέωντο
857 1021 885 1075 ε’ν
900 1022 972 1075 Δελ-

172 1109 265 1179 φοῖσι·
287 1106 305 1183 ἦ
328 1107 357 1165 δὲ
379 1107 473 1183 Πυθίη
494 1108 587 1182 σφέας
609 1107 718 1164 ε’κέλευε
740 1105 850 1181 Δαμίης
873 1130 903 1163 τε
926 1105 972 1164 καὶ

170 1193 312 1271 Αὐξησίης
326 1195 478 1276 α’γθλματα
499 1194 676 1270 ἱδρύσασθαι,
692 1193 740 1252 καί
753 1199 810 1267 σφι
824 1193 972 1270 ἱδρυσαμέ-

169 1307 244 1342 νοισι
262 1283 375 1360 ἄμεινον
395 1283 589 1342 συνοίσεσθαι·
612 1281 774 1358 ε’πειριίτεον
795 1280 831 1341 ὧν
852 1284 879 1340 οἱ
894 1280 972 1340 Ἐπι-

172 1369 277 1447 δαύριοι
305 1371 404 1447 κότερα
431 1375 541 1449 χαλκοῦ
565 1371 711 1430 ποιέωνται
735 1368 782 1450 [τὰ
806 1369 969 1451 α’γιίλματα]

169 1456 293 1533 ἢλίθου·
314 1459 376 1535 ἡδὲ
397 1460 490 1534 Πυθίη
510 1459 639 1536 οὐδέτερα
655 1457 760 1518 τούτων
774 1459 812 1531 ἔα,
828 1457 905 1516 ἀλλὰ
927 1458 970 1528 ξύ-

172 1550 222 1606 λου
243 1546 348 1624 ἡμέρης
362 1549 466 1623 ε’λαίης·
489 1548 598 1607 ε’δέοντο
613 1547 649 1607 ὧν
663 1550 690 1606 οἶ
702 1546 875 1623 Ἐπιδαύριοι
888 1546 971 1622 Ἀθη-

169 1635 252 1695 ναίων
279 1637 375 1712 ε’λαίην
399 1643 455 1711 σφι
483 1636 578 1695 δοῦναι
600 1636 749 1712 ταμέσθαι,
776 1634 909 1711 ἱρωτάτας
936 1634 971 1712 δή

172 1723 261 1786 κείνας
281 1725 439 1800 νομίζοντες
460 1724 538 1783 εἶναι·
567 1724 680 1804 λέγεται
704 1723 733 1782 δὲ
755 1724 801 1782 καὶ
823 1723 857 1786 ὦς
879 1727 971 1784 ἐλαῖαι

171 1809 245 1886 ἦσαν
266 1811 370 1871 ἄλλοθι
390 1817 443 1892 γῆς
462 1812 586 1890 οὐδαμοῦ
608 1811 666 1871 κατ’
681 1815 784 1872 ἐκεῖνον
796 1811 846 1872 τᾶν
858 1811 969 1890 χρόνον,

170 1897 348 1980 ἣἈθήνησι·
371 1905 397 1960 οἱ
411 1901 440 1959 δὲ
458 1901 503 1960 ε’πὶ
523 1901 620 1961 τοῖσδε
640 1899 739 1960 δαίσειν
761 1901 879 1976 ἔφασαν,
895 1899 971 1981 ε’π’ᾧ

170 1986 309 2058 ἀπάξουσι
325 1991 398 2052 ἔτεος
412 1989 532 2048 ε’κιίστου
545 1991 581 2067 τῇ
594 1988 728 2066 Ἀθηναίη
741 1992 776 2066 τῇ
788 1988 910 2047 Πολιάδι
925 1989 971 2066 ἱροὶ

170 2077 216 2135 καὶ
237 2081 275 2156 τῷ
294 2076 433 2155 Ἐρεχθέϊ·
456 2077 667 2139 καταινέσαντες
688 2076 711 2135 δ’
729 2075 775 2135 ε’πὶ
796 2076 922 2136 τούτοισι
944 2081 971 2137 οἶ

169 2162 350 2241 Ἐπιδαύριοι,
365 2169 419 2223 τῶν
431 2191 462 2223 τε
477 2163 586 2224 ε’δέοντο
601 2167 698 2244 ἔτυχον
713 2166 757 2222 καὶ
772 2164 924 2245 ἀγάλματα
939 2165 970 2225 ε’κ

168 2256 223 2312 τῶν
237 2252 351 2312 ε’λαιέων
364 2254 482 2312 τουτέων
497 2253 683 2330 ποιησάμενοι
705 2253 863 2330 ἱδρύσαντο·
886 2255 931 2312 καὶ
952 2252 970 2329 ἦ

168 2367 200 2400 τε
212 2345 250 2422 ηῆ
263 2348 319 2416 σφι
334 2345 424 2418 ἔφερε,
437 2342 482 2400 καὶ
494 2341 670 2418 Ἀθηναίοισι
684 2343 829 2402 ἐπετέλεον
842 2341 877 2401 τδ
891 2344 970 2402 συνέ-

122 2432 160 2488 83
170 2421 256 2489 θεντο.
300 2435 406 2489 Τοῦτον
425 2429 448 2489 δ’
462 2431 502 2489 ἔτι
520 2431 569 2490 τόν
585 2429 687 2509 χρόνον
708 2431 753 2488 καὶ
772 2429 827 2507 πρδ
848 2435 907 2500 τοῦ,
921 2435 970 2490 Αί-

168 2522 278 2598 γινῆται
299 2516 482 2595 Ἐπιδαυρίων
503 2518 604 2595 ἢκουον
623 2519 658 2578 τοί
673 2545 704 2577 τε
723 2517 808 2588 ἅλλα,
829 2518 874 2577 καὶ
893 2519 970 2583 δίκας

169 2606 359 2682 διαβαίνοντες
381 2612 408 2669 ἒς
425 2606 591 2683 Ἐπίδαυρον
613 2605 742 2666 ἐδίδοσάν
762 2633 793 2666 τε
816 2607 861 2666 καὶ
884 2607 969 2684 ἐλάμ-

170 2696 260 2770 βανον
273 2695 338 2772 παρ’
353 2694 487 2770 ἀλλήλων
503 2698 529 2754 οἱ
543 2700 699 2776 Αἰγινῆται·
720 2694 753 2754 τδ
767 2695 796 2753 δὲ
810 2694 866 2754 α’πό
879 2696 968 2766 τοῦδε,

168 2783 234 2859 νῆάς
247 2810 278 2844 τε
291 2783 444 2859 πηξάμενοι
458 2785 503 2841 καὶ
517 2782 700 2863 ἀγνωμοσύνη
710 2783 894 2861 χρησάμενοι,
904 2781 969 2843 ἀπέ-

168 2897 279 2948 στησαν
299 2871 356 2931 α’πδ
380 2875 435 2930 τῶν
457 2870 648 2948 Ἐπιδαυρίων·
672 2870 720 2930 ἅτε
742 2871 772 2929 δὲ
797 2870 888 2934 ε’όντες
913 2871 969 2930 διεί-

169 2966 262 3037 φοροι,
281 2960 414 3036 δηλέοντο
437 2958 535 3021 αὐτοῦς
556 2959 629 3018 ὥστε
650 2958 683 3033 δη
704 2959 969 3036 θαλασσοκράτορες

169 3047 266 3116 ε’όντες,
282 3048 328 3105 καὶ
341 3047 375 3122 δὴ
390 3047 435 3104 καὶ
449 3046 484 3104 τὰ
498 3046 650 3126 ἀγάλματα
663 3051 750 3105 ταῦτα
760 3051 795 3120 τί,
797 3073 810 3108 ς
819 3073 849 3105 τε
860 3049 970 3124 Δαμίης

171 3135 280 3209 καὶτῆς
294 3133 436 3209 Αὐξησίης
450 3133 627 3209 ὑπαιρέονται
641 3133 738 3204 αὐτῶν,
753 3137 801 3192 καί
812 3141 890 3209 σφεα
910 3141 968 3195 ε’κο-

168 3221 288 3299 μίσαντό
310 3247 341 3280 τε
364 3223 409 3280 καὶ
432 3218 580 3297 ἱδρύσαντο
597 3225 646 3295 τῆς
669 3222 808 3297 σφετέρης
829 3223 921 3300 χώρης
943 3229 968 3285 ἔς

168 3309 220 3384 τὴν
239 3309 405 3386 μεσόγαιαν·
426 3335 461 3388 τῃ
477 3310 532 3385 Οἴη
549 3309 601 3385 μέν
615 3313 676 3368 ἔστι
689 3307 919 3382 οὕνομα,,στα’δια
939 3311 969 3369 δὲ
