2276 3554
156 154 205 202 ιιι
473 151 657 201 ἫΡοΔουου
877 147 955 214 [vn.

156 230 279 308 ρωτέρην
293 257 332 304 τε,
347 229 406 307 ἅμα
419 229 450 288 δέ
462 230 596 306 τιμωρίην
607 255 638 288 τε
653 229 699 288 καὶ
711 227 787 289 τίσιν
799 230 958 310 γινομένην·

156 318 198 378 διδ
219 317 304 393 ύμέας
325 321 373 378 νῦν
393 318 447 400 ἐγιύ
468 318 614 388 συνέλεξα,
629 318 673 377 ἶνα
686 317 719 377 τό
733 317 800 376 νοέω
816 317 958 394 πρήσσειν

154 406 329 484 ύπερθέωμιιι
350 406 423 482 ύμῖν.
465 407 571 483 μέλλω,
593 405 688 477 ζεύξας
707 405 757 465 τόν
777 404 957 480 Ἑλλήσπον-

155 521 211 564 τον,
231 499 299 554 ἐλᾶν
320 495 443 572 στρατόν
465 494 511 554 διὰ
532 499 582 570 τῆς
597 492 734 568 Εὐρώπης
755 493 801 552 ἐπὶ
820 493 872 568 τήν
891 493 957 552 Ἐλ-

156 582 238 654 λόδα,
254 583 298 642 ἶνα
311 582 473 659 Ἀθηναίους
491 581 688 658 τιμωρήσομαι
709 580 766 642 ὅσα
786 581 820 657 δη
841 582 957 658 πεποιή-

156 697 224 730 κασι
243 673 358 748 Πέρσας
375 697 406 731 τε
423 671 469 730 καὶ
487 672 594 748 πατέρα
614 669 663 730 τόν
684 670 760 746 ἐμόν.
802 669 889 748 ὁρᾶτε
904 673 958 747 μέν

155 786 203 820 νυν
219 760 266 819 καὶ
279 764 399 836 Δαρεῖον
416 757 528 820 ἰθύοντα
548 759 752 836 στρατεύεσθαι
768 759 813 818 ἐπὶ
826 758 890 822 τούς
910 758 957 819 ἅν-

157 847 223 926 δρας
240 847 366 912 τούτους·
388 847 454 908 ἀλλ’
471 847 487 908 ό
504 851 556 925 μὲν
575 846 761 923 τετελεύτηκε,
780 848 827 906 καὶ
845 846 894 906 ούκ
915 849 957 917 ἐξ·

155 936 264 1016 εγένετό
284 939 311 996 οἱ
330 935 555 1013 τιμωρήσασθαι·
584 935 637 1016 ε’γιύ
658 935 688 1002 δέ
709 934 778 1012 ύπέρ
799 961 831 995 τε
852 935 957 996 ἐκείνου

155 1025 200 1084 καὶ
213 1029 268 1084 τῶν
281 1023 376 1084 ἄλλων
389 1025 522 1101 Περσέων
536 1023 569 1083 ού
582 1022 717 1101 πρότερον
730 1022 877 1100 παύσομαι
890 1024 957 1100 πρὶν

154 1110 172 1188 ἢ
192 1114 246 1172 ἕλω
266 1139 297 1172 τε
317 1113 363 1172 καὶ
383 1111 503 1190 πυρῶσω
522 1110 573 1174 τός
588 1110 718 1187 Ἀθήνας·
740 1112 770 1170 οἵ
787 1138 820 1192 γε
841 1115 889 1189 ἐμέ
910 1113 957 1172 καὶ

153 1203 261 1279 πατέρα
280 1203 330 1262 τόν
351 1201 418 1278 ἐμόν
430 1201 556 1278 ὑπῆρξαν
569 1199 652 1260 ἄδικα
667 1205 817 1264 ποιεῦντες.
859 1206 957 1279 πρῶτα

155 1293 207 1366 μὲν
220 1295 248 1354 ἐς
261 1290 362 1368 Σάρδις
375 1289 503 1353 ἐλθόντες
515 1287 575 1365 ἅμα
587 1287 785 1370 Ἀρισταγόρῃ,
800 1291 850 1369 (τῷ
863 1294 956 1367 Μιλη-

154 1379 214 1458 σίῳ,
231 1378 322 1458 δούλῳ
342 1378 371 1437 δὲ
393 1377 538 1458 ἡμετέρᾳ)
560 1375 724 1454 όπικόμενοι
747 1379 902 1456 ἐνέπρησαν
920 1379 957 1438 τό

153 1491 184 1526 τε
201 1465 294 1525 ἇλσεα
315 1467 361 1524 καὶ
382 1465 418 1525 τὰ
437 1466 491 1543 ἱρά·
513 1465 626 1541 δεύτερα
648 1466 677 1525 δέ
701 1465 788 1542 ἡμέας
809 1467 854 1526 οἶα
875 1468 956 1544 ἔρξαν

155 1559 182 1616 ἐς
194 1554 245 1629 την
265 1556 407 1630 σφετέρην
427 1553 599 1631 ἀποβάντας,
614 1553 661 1612 ὅτε
676 1555 762 1617 Δᾶτίς
783 1580 814 1614 τε
834 1555 880 1614 καὶ
891 1554 956 1632 Ἀρ-

152 1643 292 1720 ταφέρνης
316 1642 510 1724 ἐστρατήγεον,
535 1641 571 1702 τό
593 1642 750 1702 ἐπίστασθέ
773 1668 823 1702 κου
845 1642 955 1708 πάντες·

152 1731 256 1790 τούτων
278 1733 373 1809 μέντοι
396 1731 486 1790 εἵνεκα
508 1729 664 1806 ἀνάρτημαι
686 1728 728 1790 ἐπ’
750 1729 849 1794 αύτούς
871 1757 956 1808 στρα-

153 1819 292 1882 τεύεσθαι·
318 1819 411 1900 ἀγαθὰ
435 1819 464 1878 δὲ
488 1824 517 1878 ἐν
541 1817 653 1878 αύτοῖσι
676 1818 780 1878 τοσόδε
803 1819 956 1897 ἀνευρίσκω

154 1908 341 1987 λογιζόμενος,
353 1911 377 1966 εἰ
389 1907 502 1969 τούτους
515 1931 546 1965 τε
560 1908 606 1966 καὶ
620 1905 684 1970 τούς
696 1906 823 1966 τούτοισι
835 1914 955 1984 πλησιο·

153 1995 259 2074 χιύρους
281 1994 539 2072 καταστρεψόμεθα,
564 1994 591 2053 οἳ
618 1995 749 2057 Πέλοπος
772 1999 822 2054 τοῦ
846 1995 956 2077 Φρυγός

154 2086 282 2161 νέμονται
303 2083 405 2162 χώρην·
425 2087 479 2163 γῆν
500 2081 552 2158 την
573 2083 701 2159 Περσίδα
723 2082 895 2160 ἀποδέξομεν
917 2089 957 2164 τῷ

154 2171 222 2234 Διός
235 2173 324 2247 αἰθέρι
341 2171 542 2247 ὁμουρέουσαν·
564 2169 597 2230 ού
610 2170 665 2251 γὰρ
680 2170 714 2245 δὴ
727 2170 820 2249 χεόμην
833 2197 867 2252 γε
881 2171 956 2232 ούδε-

153 2260 221 2336 μίαν
234 2258 385 2336 κατόψεται
398 2257 415 2318 ό
428 2257 509 2334 ἥλιος
522 2256 643 2335 ὅμουρον
661 2263 762 2319 ἐοῦσαν
775 2263 811 2338 τῇ
824 2259 966 2340 ἡμετέρῃ,
987 2326 990 2334 ¹

152 2345 230 2406 οἷλλό
242 2354 334 2422 σφεας
347 2345 441 2408 πόσας
455 2346 509 2426 ἐγιδ
523 2344 583 2424 ἅμα
596 2345 661 2422 ύμῖν
677 2348 745 2423 μίαν
760 2346 854 2426 χώρην
867 2348 955 2424 θήσω,

153 2435 198 2496 διὰ
211 2425 305 2511 πόσης
318 2434 465 2503 διεξελθὼν
478 2439 528 2509 τῆς
541 2433 686 2512 Εύρότηης·
707 2434 884 2512 πυνθάνομαι
899 2435 956 2517 γαρ

154 2521 205 2582 ὧδε
228 2525 309 2602 ἐχειν·
331 2521 393 2581 ούτε
414 2521 476 2582 τινὰ
497 2521 582 2582 πόλιν
605 2521 710 2598 ἀνδρῶν
733 2521 870 2600 οὐδεμίαν,
893 2523 956 2584 οὔτε

153 2612 231 2675 ἔθνος
253 2610 331 2672 ούδέν
355 2610 506 2687 α’νθριύπων
527 2609 732 2670 ύπολείπεσθαι
752 2611 786 2670 τό
806 2609 875 2688 ἡμῖν
897 2612 957 2673 οἶόν

152 2726 184 2760 τε
209 2701 289 2760 ἔσται
315 2701 408 2760 ἐλθεῖν
430 2703 458 2762 ἐς
483 2697 586 2776 μα’χην,
610 2697 715 2758 τούτων
741 2703 797 2759 τῶν
821 2699 957 2770 κατέλεξα

152 2788 422 2866 ὑπεξαραιρημένων·
451 2785 522 2846 ούτω
547 2787 577 2845 οἴ
600 2809 631 2845 τε
658 2785 725 2862 ἡμῖν
749 2787 833 2846 α’ίτιοι
860 2787 957 2857 ἕξουσι

153 2877 264 2938 δούλιον
278 2875 368 2957 ζυγόν,
384 2877 415 2936 οἷ
430 2901 461 2935 τε
482 2873 608 2934 α’ναίτιοι
652 2875 729 2951 ύμεῖς
744 2875 766 2934 δ’
780 2874 814 2934 ἄν
826 2901 876 2951 μοι
888 2875 957 2936 τάδε

153 2965 292 3028 ποιέοντες
311 2964 484 3043 χαρίζοισθε·
506 2963 589 3021 ἐπεὰν
603 2962 668 3038 ύμῖν
686 2962 804 3041 σημήνω
820 2963 870 3023 τόν
888 2964 956 3042 χρό-

153 3079 200 3111 νον
223 3057 249 3114 ἐς
269 3052 318 3111 τόν
340 3052 416 3127 ἥκειν
437 3051 486 3119 δεῖ,
503 3051 652 3126 προθύμως
672 3051 765 3110 πάντα
782 3052 844 3111 τινα
864 3051 958 3128 ύμέων

150 3139 252 3218 χρήσει
265 3143 401 3215 παρεῖναι·
423 3137 453 3201 ὃς
474 3135 507 3196 ἂν
528 3137 557 3196 δὲ
577 3139 646 3216 ἔχων
659 3137 713 3216 ἥκῃ
727 3143 957 3217 παρεσκευασμέ-

153 3252 201 3286 νον
221 3226 342 3302 στρατόν
362 3225 512 3293 κάλλιστα,
527 3224 608 3283 δεύσω
622 3228 649 3283 οἱ
662 3225 736 3300 δῶρα
752 3224 788 3285 τό
801 3226 957 3304 τιμιιύτατα

152 3313 291 3388 νομίζεται
305 3313 375 3372 εἶναι
388 3317 418 3372 ἐν
430 3311 574 3389 ἡμετέρου.
609 3315 727 3389 ποιητέα
738 3315 791 3389 μέν
805 3339 853 3376 νυν
865 3318 958 3377 ταύτό
