2250 3552
1108 19 1110 64 4

177 153 227 202 οτι
485 148 668 199 Ἧυοοουον
916 149 980 216 [1x.
1108 69 1111 222 φ

178 233 317 292 ἐσέπτατο
345 232 372 294 ἐς
397 228 431 289 τό
456 228 646 307 στρατόπεδον
672 232 737 299 πᾶν,
761 229 807 289 καὶ
833 230 983 308 κηρυκήῖον
1110 239 1111 270 ί

95 313 98 318 Δ
178 319 269 396 ἐφιίνη
296 318 342 378 ἐπὶ
367 321 418 393 τῆς
444 321 608 397 κυματωγῆς
635 318 768 393 κείμενον·
801 317 820 393 ή
848 318 878 378 δέ
898 319 982 396 φήμη

178 407 277 482 διῆλθέ
303 412 360 482 σφι
387 403 447 477 ὧδε,
472 405 507 469 ὥς
530 408 558 466 οἱ
578 405 719 481 Ἕλληνες
744 406 797 482 τήν
821 407 983 484 Μαρδονίου

178 493 314 572 στρατιήν
327 497 422 573 νικῷεν
437 499 466 556 ἐν
484 497 633 554 Βοιωτοῖσι
648 493 811 573 μαχόμενοι
854 495 928 571 δῆλα
946 495 983 572 δή

178 586 317 642 πολλοῖσι
334 583 512 659 τεκμηρίοισί
523 587 586 642 ἐστι
601 581 637 642 τιέ
653 583 714 642 θεῖα
731 586 786 642 τῶν
801 583 983 664 πρηγμάτων,

179 670 262 732 εἶκαὶ
277 671 342 732 τότε
359 675 409 747 τῆς
427 669 512 747 αὐτῆς
529 671 635 748 ημέρης
652 671 869 748 συμπιπτούσης
884 676 934 732 τοῦ
951 699 984 732 τε

180 765 209 819 ἐν
220 763 385 838 Πλαταιῇσι
399 759 445 818 καὶ
458 763 508 819 τοῦ
521 764 551 818 ἐν
564 758 688 836 Μυκάλῃ
697 758 853 835 μέλλοντος
864 760 984 820 ἔσεσθαι
1112 759 1113 762 ¹

178 847 330 925 τρώματος,
346 847 428 924 φήμη
446 851 522 907 τοῖσι
538 846 665 924 Ἕλλησι
684 850 760 907 τοῖσι
778 847 866 928 ταύτῃ
884 849 984 907 ἐσαπί-

181 962 253 1006 κετο,
268 935 340 996 ὥστε
354 936 502 1013 θαρσῆσαί
516 961 547 995 τε
562 934 614 1011 τήν
635 934 771 1012 στρατιήν
790 939 890 1014 πολλῷ
909 939 983 1013 μᾶλ-

136 1027 189 1084 101
201 1029 261 1095 λον,
284 1026 330 1084 καὶ
353 1024 460 1084 ἐθέλειν
480 1024 691 1103 προθυμότερον
711 1023 882 1084 κινδυνεύειν.
925 1026 985 1084 Καὶ

180 1112 244 1173 τόδε
264 1114 357 1191 ἕτερον
376 1114 514 1173 συνέπεσε
529 1112 687 1194 γενόμενον,
703 1111 852 1190 Δήμητρος
868 1113 985 1190 τεμένεα

180 1200 354 1278 Ἐλευσινίης
381 1202 457 1278 παρὰ
477 1200 639 1278 α’μφοτέρας
658 1199 709 1264 τὰς
729 1200 881 1278 συμβολὰς
904 1201 984 1262 εἶναι·

182 1291 228 1349 καὶ
241 1290 296 1370 γὰρ
310 1290 344 1366 δή
358 1295 387 1350 ἐν
400 1295 436 1370 τῇ
451 1289 602 1349 Πλαταιίδι
615 1289 681 1367 παρ’
695 1287 763 1350 αὐτό
776 1287 810 1349 τὰ
821 1287 986 1366 Δημήτριον

182 1379 290 1460 ἐγένετο
310 1378 359 1459 (οἷς
379 1380 426 1440 καὶ
445 1378 582 1457 πρότερόν
601 1404 651 1456 μοι
671 1377 788 1459 εἴρηται)
801 1377 820 1454 ή
835 1378 923 1458 μάχη,
938 1379 985 1437 καὶ

182 1472 211 1527 ἐν
227 1468 350 1546 Μυκάλη
372 1469 473 1544 ἔμελλε
494 1466 625 1530 ὦσαίιτως
646 1467 771 1526 ἔσεσθαι·
792 1467 936 1547 γεγονέναι
954 1465 985 1524 δέ

181 1556 259 1631 νίκην
276 1559 331 1614 τῶν
347 1555 420 1632 μετὰ
438 1556 605 1616 Παυσανίεω
621 1555 767 1630 Ἑλλήνων
785 1553 873 1632 ὀρθῶς
892 1560 948 1630 σφι
965 1549 985 1630 ἦ

184 1642 266 1720 φήμη
280 1645 430 1720 συνέβαινε
444 1645 579 1704 ε’λθοΰσα·
600 1643 633 1703 τδ
646 1645 698 1721 μέν
710 1643 765 1724 γαρ
780 1647 808 1703 ἐν
820 1645 987 1721 Πλαταιῇσι

182 1731 254 1809 πρωῒ
270 1734 310 1792 ἔτι
327 1735 378 1808 τῆς
393 1731 498 1809 ήμέρης
517 1733 632 1812 ἐγίνετο·
653 1731 686 1791 τὸ
700 1731 729 1790 δὲ
743 1736 772 1791 ἐν
786 1730 908 1810 Μυκάλη
921 1732 987 1808 περὶ

182 1820 286 1898 δείλην·
307 1819 351 1881 ὅτι
365 1821 394 1880 δὲ
406 1825 457 1896 τῆς
470 1819 555 1896 αὐτῆς
568 1819 672 1896 ήμέρης
686 1820 835 1895 συνέβαινε
847 1819 985 1900 γίνεσθαι,

182 1910 270 1986 μηνός
284 1936 315 1969 τε
334 1914 385 1969 τοῦ
406 1908 500 1977 αὐτοῦ,
515 1907 607 1987 χρόνῳ
624 1906 658 1968 οὔ
673 1911 773 1986 πολλῷ
793 1914 849 1983 σφι
868 1906 988 1984 ὕστερον

183 1999 258 2075 δῆλα
278 1997 504 2075 ἀναμανθάνουσι
531 1997 642 2078 ἐγίνετο.
685 1995 720 2072 ἦν
741 1996 770 2055 δὲ
790 1995 909 2074 ἀρρωδίη
930 2000 988 2070 σφι

184 2089 250 2165 πρὶν
278 2087 331 2164 τήν
363 2086 462 2163 φήμην
491 2086 686 2157 ἐσαπικέσθαι,
714 2083 774 2145 οὔτι
800 2085 865 2162 περὶ
890 2084 988 2160 σφέων

184 2175 274 2236 αὐτῶν
295 2176 374 2246 οὕτω,
394 2174 429 2238 ὦς
447 2177 504 2234 τῶν
518 2172 672 2250 Ἑλλήνων,
692 2173 733 2250 μή
753 2173 817 2251 περὶ
837 2171 988 2251 Μαρδονίῳ

184 2265 291 2343 πταίαη
312 2264 330 2339 ή
350 2263 467 2327 Ἑλλάς·
502 2261 537 2325 οἷς
556 2262 652 2339 μέντοι
671 2261 690 2337 ή
712 2260 821 2340 κληδῶν
841 2259 910 2337 αὕτη
931 2266 988 2336 σφι

185 2351 332 2422 ἐσέπτατο,
352 2349 467 2428 μᾶλλόν
487 2377 515 2410 τι
536 2351 582 2409 καὶ
598 2350 753 2430 1ταχύτερον
773 2349 825 2425 τήν
845 2348 989 2427 πρόσοδον

186 2442 334 2500 ἐποιεῦντο.
378 2441 405 2498 οἱ
430 2441 482 2515 μὲν
503 2437 538 2514 δή
560 2438 700 2516 Ἕλληνες
723 2439 769 2498 καὶ
792 2441 820 2497 οἱ
839 2437 988 2514 βάρβαροι

185 2527 320 2588 ἔσπευδον
334 2531 361 2591 ἐς
377 2525 429 2603 τήν
447 2526 550 2606 μα’χην,
565 2526 600 2590 ὥς
617 2532 674 2602 σφι
693 2528 738 2586 καὶ
754 2529 784 2587 αἱ
802 2530 886 2602 νῆσοι
905 2525 952 2584 καὶ
970 2523 989 2584 ὅ

149 2619 151 2622 ’
185 2615 402 2691 Ἑλλήσποντος
415 2613 504 2674 ἄεθλα
518 2615 671 2692 προέκειτο.

141 2707 197 2763 102
247 2707 330 2764 Τοῖσι
349 2703 401 2780 μέν
417 2729 465 2763 νυν
480 2701 656 2778 Ἀθηναίοισι
673 2703 719 2762 καὶ
735 2705 812 2762 τοῖσι
832 2701 991 2778 προσεχέσι

186 2791 312 2852 τούτοισι
338 2790 542 2872 τεταγμένοισι,
563 2791 647 2870 μέχρι
674 2817 724 2851 κου
743 2794 798 2851 τῶν
817 2789 990 2866 ήμισέων,ή

186 2879 251 2943 ὁδός
274 2881 379 2961 ἐγίνετο
403 2877 461 2938 κατ’
486 2878 615 2960 αἰγιαλόν
638 2905 669 2939 τε
693 2880 738 2938 καὶ
762 2877 865 2938 ἄπεδον
888 2879 990 2956 χῶρον·

185 2971 263 3026 τοῖσι
279 2967 309 3026 δὲ
326 2966 573 3043 Λακεδαιμονίοισι
592 2968 638 3026 καὶ
655 2971 731 3026 τοῖσι
750 2966 849 3042 ἐπεξῆς
864 2964 992 3026 τούτοισι

186 3055 390 3133 τεταγμένοισι,
410 3053 481 3114 κατά
498 3079 529 3112 τε
547 3054 690 3132 χαράδρην
704 3055 750 3114 καὶ
768 3053 860 3131 οὔρεα·
882 3049 947 3132 ἐνῷ
962 3053 993 3112 δὲ

186 3141 213 3196 οἶ
234 3140 448 3216 Λακεδαιμόνιοι
469 3140 627 3215 περιήῖσαν,
645 3139 722 3201 οὗτοι
741 3145 768 3201 οἱ
784 3142 830 3200 ἐπὶ
849 3145 889 3220 τῷ
909 3141 993 3221 ἐτέριρ

187 3224 260 3296 κέρεϊ
286 3227 326 3284 ἔτι
356 3227 402 3284 καὶ
429 3226 462 3300 δή
494 3226 642 3304 ἐμάχοντο.
684 3229 733 3292 ἕως
760 3230 814 3305 μέν
840 3254 889 3289 νυν
915 3232 994 3289 τοῖσι

187 3309 320 3386 Πέρσησι
333 3311 416 3388 ὄρθια
428 3311 464 3388 ἦν
480 3313 516 3373 τὰ
533 3314 628 3392 γέρρα,
644 3313 783 3392 ἠμύνοντό
801 3342 833 3376 τε
851 3317 898 3376 καὶ
914 3315 994 3376 οὐδὲν
