2250 3552
149 136 243 203 8-11]
453 137 639 186 κκικιοιιυ.
660 137 662 141 ’
902 137 949 186 τοι

147 221 225 278 τοῖσι
245 216 426 298 ἀπιγμένοισι
446 217 503 277 αἷπό
520 221 575 276 τῶν
595 219 710 286 πολίων,
731 217 828 280 νυκτός
848 217 888 276 ἐτι
908 222 950 277 ἐκ·

148 307 294 382 πέμπουσι
313 305 559 385 πεντακισχιλίους
579 306 782 382 Σπαρτιητέων,
802 304 861 388 [καὶ
881 305 951 364 ἐπτοῖ

149 395 214 470 περὶ
232 395 351 454 ἕκαστον
365 392 497 464 τάξαντες
512 397 567 454 τῶν
585 393 724 476 εἰλότων,]
747 394 897 472 Παυσανίῃ
912 397 951 472 τῷ

150 481 358 558 Κλεομβρότου
385 483 580 560 ἐπιτρέψαντες
607 481 723 563 ἐξάγειν.
765 483 873 563 ἐγένετο
899 483 951 560 μέν

150 570 229 646 νυνὴ
248 569 384 650 ἡγεμονίη
397 569 600 648 Πλειστάρχου
619 575 670 629 τοῦ
683 570 831 630 Λεωνίδεω·
852 569 950 630 α’λλίἷ

149 659 206 735 μὲνΙ
226 656 262 734 ἦν
288 659 328 717 ἔτι
354 661 427 727 παῖς,
455 656 471 718 ό
495 657 524 716 δὲ
550 657 650 717 τούτου
674 657 824 735 ἐπίτροπός
848 684 880 719 τε
904 660 950 718 καὶ

149 744 271 824 ἀνεψιός·
292 745 498 822 Κλεόμβροτος
510 745 574 826 γὰρ,
585 744 601 805 ό
614 747 780 805 Παυσανίεω
792 748 844 823 μέν
856 746 950 824 πατὴρ

149 831 364 912 Ἀναξανδριδεω
377 834 407 893 δέ
423 837 496 904 παῖς,
511 833 603 894 ούκέτι
617 838 726 912 περιῆν·
747 833 824 894 ἄλλό
843 833 950 915 άπαγα-

148 921 205 1001 γόν
232 927 263 982 ἐκ
288 925 339 982 τοῦ
358 921 477 998 Ἰσθμοῦ
496 921 548 996 τὴν
568 921 704 999 στρατιήν
723 921 776 998 τὴν
800 922 834 982 τό
857 925 951 1002 τεῖχος

148 1010 293 1086 δείμασαν,
306 1009 378 1087 μετὰ
391 1015 479 1070 ταῦτα
496 1009 528 1069 ού
544 1011 654 1070 πολλόν
673 1011 776 1088 χρόνον
792 1010 855 1070 τινά
868 1009 951 1086 βιούς

148 1096 279 1158 α’πέθανε.
321 1098 425 1180 (α’πῆγε
438 1098 469 1158 δέ
483 1098 535 1174 την
551 1098 686 1176 στρατιὴν
707 1099 723 1159 ό
745 1098 950 1176 Κλεόμβροτος

148 1189 179 1244 ἐκ
191 1189 242 1246 τοῦ
254 1186 374 1264 Ἰσθμοῦ
387 1186 433 1246 διό
444 1186 518 1246 τόδε·
540 1187 664 1266 θυομένῳ
677 1190 703 1246 οἶ
725 1187 771 1247 ἐπὶ
786 1191 824 1267 τῷ
840 1187 949 1266 Πέρσῃ,

148 1273 258 1351 όῆλιος
275 1274 427 1352 ἀμαυρώθη
441 1279 470 1334 ἐν
482 1278 521 1354 τῷ
539 1273 665 1356 ούρανῷ.)
706 1276 904 1352 προσαιρέεται
920 1276 950 1334 δὲ

148 1365 238 1442 ἐωυτῷ
259 1365 422 1439 Παυσανίης
442 1361 624 1440 Εὐρυάνακτα
644 1363 695 1423 τόν
716 1364 844 1441 Δωριέος,
864 1361 950 1442 ἄνδρα

148 1452 234 1526 οἰκίης
250 1449 332 1511 ἐόντα
346 1454 397 1527 τῆς
417 1450 511 1526 αὐτῆς.
553 1453 590 1510 Οἱ
609 1453 661 1526 μὲν
677 1449 711 1526 δη
730 1452 783 1513 σύν
801 1453 950 1532 Παυσανίη
961 1454 994 1511 ll

148 1538 355 1616 ἐξεληλύθεσαν
386 1539 436 1609 ἐξω
467 1537 607 1616 Σπάρτης·
649 1542 676 1599 οἶ
702 1539 731 1598 δέ
758 1539 883 1622 ἄγγελοι,
916 1541 951 1603 ὦς

148 1626 237 1704 ἡμέρη
251 1627 385 1708 ἐγεγόνεε,
400 1627 478 1688 ούδέν
492 1625 593 1690 εἰδότες
606 1627 670 1704 περὶ
685 1631 735 1704 τῆς
754 1629 850 1698 ἐξόδου
864 1632 950 1704 ἐπῆλ-

148 1715 199 1776 θον
212 1717 258 1775 ἐπὶ
271 1716 335 1779 τούς
350 1716 476 1792 ἐφόρους,
488 1720 516 1776 ἐν
526 1715 579 1795 νόῳ
593 1714 627 1791 δὴ
642 1717 752 1795 ἔχοντες
764 1715 950 1776 α’παλλόσσε-

148 1806 217 1863 σθαι
230 1805 276 1864 καὶ
292 1803 372 1864 αύτοὶ
388 1806 434 1864 ἐπὶ
451 1803 504 1881 την
522 1808 622 1865 ἑωυτοῦ
639 1807 766 1868 ἕκαστος·
788 1803 952 1867 ἐπελθόντες

148 1891 178 1950 δὲ
196 1895 293 1975 ἔλεγον
311 1892 386 1954 τόδε·
409 1892 488 1971 ύμεῖς
505 1895 565 1970 μὲν,
584 1892 605 1952 ὦ
621 1892 844 1969 Λακεδαιμόνιοι,
866 1890 951 1951 αύτοῧ

148 1981 215 2061 τῇδε
227 1983 357 2059 μένοντες
369 1981 513 2042 Ὑακίνθιά
525 2007 556 2041 τε
572 1980 654 2064 άγεπε
670 1983 716 2040 καὶ
736 1982 848 2052 παίζετε
869 2005 950 2039 κατα-

148 2071 298 2148 προδόντες
309 2073 374 2135 τούς
387 2069 562 2150 συμμάχους·
583 2069 727 2146 Ἀθηναῖοι
743 2069 780 2139 δὲ,
795 2069 831 2132 ὦς
846 2067 950 2128 ἀδικεό-

148 2187 226 2238 μενοι
244 2159 299 2220 ύπδ
314 2159 412 2237 ύμέων,
430 2159 497 2242 χητι
515 2158 672 2238 συμμάχων
688 2155 895 2218 καταλύσονται
913 2161 953 2238 τῷ

149 2253 250 2330 Πέρση
271 2251 343 2310 οὕτω
363 2249 431 2313 ὅκως
451 2245 485 2308 ἂν
505 2248 645 2309 δύνωνται·
667 2247 892 2325 καταλυσάμενοι
912 2247 949 2319 δέ,

150 2338 223 2415 δῆλα
236 2339 292 2420 γάρ
310 2339 344 2416 δὴ
363 2337 407 2399 ὅτι
423 2338 573 2416 σύμμαχοι
587 2337 726 2413 βασιλέος
743 2336 887 2418 γινόμεθα,
901 2363 950 2396 συ·

150 2427 381 2505 στρατευσόμεθα
395 2428 441 2486 ἐπὶ
453 2427 506 2502 τήν
519 2424 553 2486 ἂν
567 2429 665 2486 ἐκεῖνοι
679 2427 853 2508 ἐξηγέωνται·
874 2425 952 2503 ὑμεῖς

150 2516 225 2576 δὲτὰ
239 2518 363 2577 ἐνθεῦτεν
372 2515 540 2593 μαθήσεσθε
554 2514 646 2574 όκοῖον
657 2513 691 2574 ἅν
703 2540 731 2573 τι
744 2513 809 2589 ύμῖν
823 2513 854 2582 ἐξ
866 2513 952 2572 αὐτοῦ

151 2604 293 2685 ἐκβαίνῃ.”
333 2609 421 2665 ταῦτα
436 2603 575 2686 λεγόντων
591 2607 647 2662 τῶν
663 2602 799 2682 ἀγγέλων,
813 2603 839 2658 οἱ
854 2601 952 2676 ἔφοροι

151 2692 231 2753 εἶπαν
250 2693 293 2754 ἐπ’
312 2693 405 2772 ὅρκον,
422 2694 469 2753 καὶ
489 2691 523 2768 δη
544 2692 647 2752 δοκέειν
668 2692 737 2749 εἶναι
758 2694 786 2748 ἐν
801 2688 952 2767 Ὀρεστείῳ

153 2781 314 2862 στείχοντας
334 2783 380 2842 ἐπὶ
399 2782 464 2846 τούς
484 2781 597 2851 ξείνους·
624 2779 741 2858 (ξείνους
760 2776 816 2860 γάρ
836 2775 952 2836 ἐκάλεον

153 2872 214 2936 τούς
226 2870 415 2950 βαρβάρους)
436 2874 463 2930 οἱ
477 2870 507 2930 δέ
520 2868 555 2932 ιύς
569 2868 619 2928 ούκ
634 2867 734 2930 εἰδότες
748 2863 910 2942 ἐπειρώτεον
919 2864 953 2924 τό

153 2959 313 3040 λεγόμενον,
340 2958 512 3036 ἐπειρόμενοι
539 2957 569 3016 δέ
596 2957 730 3032 ἐξέμαθον
756 2958 812 3014 πᾶν
837 2952 870 3012 τό
898 2953 952 3012 ἐόν·

153 3046 225 3108 ὅστε
239 3054 267 3109 ἐν
281 3049 388 3126 θιύματι
401 3047 552 3129 γενόμενοι,
567 3043 730 3121 ἐπορεύοντο
748 3041 801 3119 την
816 3041 954 3120 ταχίστην

153 3135 304 3201 διιύκοντες·
346 3136 399 3196 σύν
426 3136 458 3195 δέ
482 3140 546 3209 σφι,
573 3137 629 3193 τῶν
655 3132 799 3206 περιοίκων
822 3128 955 3186 Λακεδαι-

152 3225 254 3302 μονίων
272 3224 391 3307 λογάδες
407 3220 632 3298 πεντακισχίλιοι
646 3217 760 3276 ὁπλῖται
769 3213 857 3276 τώυτό
871 3218 955 3272 τοῦτο

155 3313 272 3372 ἐποίεον.
