2282 3550
29 128 39 166 ι
307 119 491 170 τιτοιοτοτ
703 120 793 186 [vm

16 204 134 280 πέμψαι.
177 201 268 265 Οὗτος
286 199 301 261 ό
318 200 382 260 Μῦς
398 197 425 260 ἔς
442 221 473 258 τε
491 196 648 276 Λεβάδειαν
668 201 799 277 φαίνεται

1 289 169 367 ’πικόμενος
184 290 230 348 καὶ
243 289 336 368 μισθῷ
350 298 452 352 πείσας
467 292 523 348 ταῖν
541 288 693 366 ἐπιχωρίων
710 285 799 365 ἄνδρα

15 380 154 453 αταβῆναι
184 376 261 453 παραὶ
295 375 465 453 Τροφώνιον,
494 375 540 434 καὶ
574 380 601 439 ἐς
628 374 725 452 Ἀβας
749 376 801 440 ταῖς

3 490 17 509 ⁴·
45 467 111 525 κέων
132 463 298 541 ἀπικόμενος
319 465 365 524 ἐπὶ
385 464 418 524 τό
438 463 619 543 χρηστήριον·
641 464 687 523 καὶ
705 464 801 540 δήκαὶ

12 553 137 629 ςΘήβας
150 557 247 630 πρῶτα
261 551 297 616 ώς
315 551 439 621 α’πίκετο,
453 556 537 612 τοῦτο
553 555 605 629 μέν
616 556 655 630 τῷ
667 551 800 632 Ἰσμηνίῳ

5 641 157 701 Απόλλωνι
167 639 318 719 ἐχρήσατο·
334 641 407 720 (ἐστι
421 640 459 710 δέ,
471 638 593 716 κατάπερ
608 645 637 699 ἐν
646 637 799 718 Ὀλυμπίῃ,

14 733 85 789 οῖσι
112 727 209 789 αῦτόθι
234 727 514 809 χρηστηριάζεσθαι·)
548 731 631 787 τοῦτο
658 727 688 786 δέ
711 727 799 798 ξεῖνόν

15 844 60 878 ινα
73 817 119 876 καὶ
133 815 165 876 οῦ
179 818 308 893 Θηβαῖον
321 815 450 896 χρήμασι
465 816 566 878 πείσας
583 815 760 891 κατεκοίμισε
774 821 800 878 ἐς

6 905 166 983 Αμφιάρεω
211 905 344 980 Θηβαίων
358 905 387 963 δὲ
406 903 495 963 οῦδενῖ
511 903 602 972 ἔξεστι
615 903 801 980 μαντεύεσθαι

4 993 105 1066 ώτόθι,
119 993 165 1054 διά
181 992 254 1054 τόδε·
277 993 409 1052 ἐκέλευσέ
426 998 518 1068 σφεας
531 991 547 1050 ό
563 989 740 1068 Ἀμφιάρεως
756 991 801 1051 διὰ

26 1083 176 1160 ιηστηρίων
194 1080 355 1157 ποιεύμενος
375 1079 490 1156 ὁκότερα
509 1079 665 1156 βούλονται
685 1079 802 1140 ἑλέσθαι

16 1171 110 1244 οῦτων,
125 1174 215 1250 ἑωυτῷ
226 1167 244 1245 ἢ
259 1167 307 1228 ἅτε
320 1168 404 1246 μάντι
417 1168 559 1247 χρέεσθαι,
570 1165 589 1244 ἢ
599 1166 648 1227 ἅτε
661 1167 802 1248 συμμάχῳ

17 1263 49 1318 οῦ
63 1259 155 1335 ἐτέρου
169 1257 368 1335 ἀπεχομένους·
385 1259 412 1316 οἱ
425 1256 455 1315 δὲ
468 1254 620 1334 σύμμαχόν
629 1281 677 1332 μιν
691 1255 802 1314 εἵλοντο

14 1346 79 1406 ἶναι·
114 1345 160 1405 διὰ
186 1349 272 1404 τοῦτο
296 1346 347 1421 μέν
369 1343 419 1404 οῦκ
441 1344 532 1414 ἔξεστι
553 1344 686 1418 Θηβαίων
713 1342 802 1404 οῦδενὶ

0 1434 122 1494 ιαῦτόθι
156 1434 435 1514 ἐγκατακοιμηθῆναι.
476 1431 552 1492 Τόδε
580 1431 610 1491 δέ
644 1431 724 1509 θῶμά
752 1459 802 1508 μοι

24 1522 136 1602 έγιστον
158 1522 291 1602 γενέσθαι
318 1521 432 1602 λέγεται
459 1519 515 1579 ῦπὸ
541 1519 683 1595 Θηβαίων·
711 1521 802 1579 ἐλθεῖν

6 1635 55 1668 ια
71 1609 121 1670 τόν
138 1608 273 1686 Εῦρωπέα
290 1613 364 1681 Μῦν,
380 1607 649 1686 περιστρωφώμενον
663 1607 754 1668 πάντα
765 1608 802 1668 τά

26 1697 166 1775 ηοπήρια,
178 1698 224 1756 καὶ
237 1702 264 1760 ἐς
276 1701 326 1756 τοῦ
335 1697 437 1756 Πτώου
446 1696 627 1759 Ἀπόλλωνος
637 1695 670 1756 τῦ
680 1695 802 1772 τέμενος·

18 1789 84 1846 οῦτο
103 1786 132 1846 δὲ
149 1785 182 1847 τό
201 1785 261 1863 ῖρόν
278 1785 407 1843 καλέεται
424 1787 476 1860 μὲν
494 1787 602 1854 Πτῶον,
622 1784 683 1843 ἔστι
701 1784 730 1842 δέ
748 1790 803 1859 Θη

9 1874 99 1945 ίαίων,
121 1875 211 1934 κέεται
231 1874 261 1932 δέ
280 1872 350 1948 ῦπέρ
370 1877 420 1949 τῆς
444 1871 591 1934 Κωπαίδος
614 1872 715 1949 λίμνης
734 1871 804 1948 πρὸς

2 1959 85 2039 οῦρεῖ,
106 1961 252 2043 ἀγχοτάτω
276 1953 458 2037 Ἀκραιφνίης
477 1959 587 2022 πόλιος·
622 1965 649 2022 ἐς
668 1963 750 2018 τοῦτο
769 1957 803 2018 τῦ

2 2049 62 2125 ἶρῦν
76 2051 137 2110 ε’πεί
152 2075 183 2110 τε
199 2049 350 2126 παρελθεῖν
366 2048 416 2108 τὸν
432 2046 602 2124 καλεόμενον
617 2051 717 2106 τοῦτον
729 2049 804 2117 Μῦν,

2 2136 123 2198 ἕπεσθαί
134 2139 161 2197 οἶ
174 2140 229 2198 τών
242 2136 335 2196 α’στιῦν
349 2135 472 2212 αἱρετοῦς
485 2133 586 2212 ἄνδρας
599 2138 672 2212 τρεῖς
685 2132 740 2194 α’πδ
754 2137 805 2194 τοῦ

3 2229 104 2294 κοινοῦ,
119 2225 154 2288 ok
167 2224 416 2305 ἀπογραψομένους
428 2223 463 2282 ταὶ
478 2223 617 2283 θεσπιέειν
631 2223 741 2298 ἔμελλε·
758 2223 805 2281 καὶ

2 2311 125 2388 πρόκατε
138 2312 188 2372 τόν
201 2311 355 2388 πρόμαντιν
369 2309 510 2390 βαρβάρῳ
523 2309 645 2390 γλώσσῃ
657 2313 738 2388 χρᾶν·
759 2311 805 2367 καὶ

2 2399 67 2463 τοῦς
79 2407 131 2476 μὲν
144 2400 293 2476 ἑπομένους
305 2403 360 2459 τῶν
379 2400 512 2474 Θηβαίων
525 2403 554 2458 ἐν
571 2397 677 2474 θώματι
691 2398 806 2476 ἔχεσθαι

4 2485 154 2551 α’κοιίοντας
171 2487 324 2564 βαρβάρου
341 2485 478 2568 γλώσσης
497 2485 558 2546 α’ντὶ
576 2484 724 2554 Ἑλλάδος,
743 2483 806 2544 αι’δὲ

4 2575 76 2654 ἔχειν
88 2573 105 2635 ὅ
118 2602 146 2636 τι
164 2575 319 2655 χρήσονται
334 2579 372 2654 τῷ
390 2573 521 2652 παρεόντι
539 2572 692 2654 πρήγματι·
713 2572 762 2632 τὸν
776 2572 807 2630 δέ

4 2663 139 2742 Εὐρωπέα
147 2669 212 2724 Μῦν
223 2662 420 2740 ἐξαρπάσαντα
432 2661 498 2740 παρ’
512 2659 602 2721 αὐτῶν
611 2660 663 2737 τήν
673 2661 807 2736 ἐφέροντο

5 2752 112 2822 δέλτον,
126 2753 162 2812 τά
181 2751 320 2832 λεγόμενα
338 2749 393 2810 ῦπὸ
409 2753 459 2810 τοῦ
478 2749 628 2827 προφήτεω
647 2747 767 2829 γράφειν
780 2752 807 2811 ἐς

5 2839 100 2916 αῦτήν·
115 2838 203 2916 φάναι
215 2840 243 2898 δὲ
255 2840 347 2917 Καρίῃ
357 2863 406 2915 μιν
415 2836 537 2918 γλώσσῃ
546 2841 628 2916 χρεῖν·
643 2834 809 2918 συγγραψά-

5 2953 89 3003 μενον
102 2929 132 2986 δὲ
146 2928 274 3006 οἴχεσθαι
288 2925 407 2985 ἀπιόντα
421 2929 448 2988 ἐς
461 2925 636 3000 Θεσσαλίην.

68 3013 226 3090 Μαρδόνιος
241 3014 270 3072 δέ
289 3011 485 3089 ἐπιλεξάμενος
503 3011 563 3072 ὅτι
581 3012 615 3088 δή
635 3011 671 3087 ἦν
687 3013 809 3092 λέγοντα

6 3099 41 3158 τά
71 3100 237 3177 χρηστήρια,
273 3098 344 3176 μετά
377 3103 465 3159 ταῦτα
498 3101 604 3176 έπεμψε
630 3099 754 3181 ἄγγελον
781 3103 809 3164 ἐς

5 3183 123 3259 Ἀθήνας
132 3184 316 3263 Ἀλέξανδρον
328 3185 378 3246 τόν
390 3185 539 3263 Ἀμύντεω,
550 3187 637 3264 ἄνδρα
648 3187 808 3248 Μακεδόνα·

7 3269 65 3344 ἅμα
78 3275 129 3346 μὲν
142 3273 185 3332 ὅτι
199 3275 225 3331 οἱ
239 3273 410 3351 προσκηδέες
424 3277 450 3332 οἱ
464 3276 576 3350 Πέρσαι
593 3274 677 3352 ἦσαν·
698 3275 808 3352 (Ἀλεξ-
