2276 3554
195 136 240 187 ιτα
493 135 676 184 τινοοοτου
914 134 993 201 [vn.

187 212 294 295 Ἀργος
311 239 342 274 τε
360 211 497 295 άγγέλους
515 211 669 292 ὁμαιχμίην
686 213 913 291 συνθησομένους
925 217 995 293 πρὸς

192 301 242 362 τόν
259 303 384 379 Πέρσην·
406 302 453 361 καὶ
469 305 497 365 ἐς
513 301 644 378 Σικελίην
662 300 767 365 ἅλλους
782 304 901 380 πέμπειν
917 304 994 382 παρά

193 392 306 450 Γέλωνα
314 390 363 450 τόν
374 390 561 466 Δεινομένεος,
571 391 598 454 ἔς
607 417 638 451 τε
647 391 800 468 Κέρκυραν,
812 391 994 458 κελεύσοντας

192 479 323 556 βοηθέειν
336 484 371 557 τῇ
383 478 512 548 Ἑλλάδι,
527 480 572 538 καὶ
586 484 613 542 ἐς
627 479 742 556 Κρήτην
755 479 869 544 ἅλλους·
891 481 995 559 φρονή-

193 592 293 630 σαντες
314 567 339 626 εἶ
359 593 411 630 κως
432 567 461 626 ἐν
480 593 511 626 τε
530 568 640 648 γένοιτο
660 566 694 629 τῦ
715 567 884 644 Ἑλληνικόν
905 570 951 628 καὶ
972 573 995 630 εέ

195 655 387 736 συγκόψαντες
407 653 496 715 τιόυτό
520 656 678 732 πρήσσοιεν
704 655 813 726 πάντες,
838 656 874 720 ιῦς
901 657 995 718 δεινῶν

194 744 326 804 ἐπιόντων
349 744 450 821 ὁμοίως
476 748 549 804 πᾶσι
571 744 708 820 Ἕλλησι.
749 743 785 803 τά
813 744 843 804 δὲ
870 745 994 810 Γέλωνος

192 832 344 913 πρήγματα
353 831 466 912 μεγάλα
476 833 590 914 ἐλέγετο
599 832 676 903 εἶναι,
687 832 814 910 οῦδαμῦν
822 832 993 908 Ἑλληνικῶν

193 925 247 980 τῶν
261 920 293 980 οῦ
306 919 418 980 πολλόν
430 921 512 997 μέζω.

148 1011 203 1068 146
253 1009 302 1073 Ὡς
328 1009 358 1068 δέ
383 1008 471 1070 ταῦτά
499 1015 555 1084 σφι
582 1008 666 1078 ἔδοξε,
694 1008 919 1086 καταλυσάμενοι
944 1009 995 1074 τάς

193 1097 301 1176 ἔχθρας,
322 1099 420 1174 πρῶτα
439 1099 491 1173 μὲν
512 1096 706 1160 κατασκόπους
732 1097 876 1173 πέμπουσι
896 1102 923 1160 ε’ς
943 1097 994 1173 τήν

192 1183 294 1262 Ἀσίην
311 1183 411 1262 ἄνδρας
427 1188 508 1260 τρεῖς·
534 1187 561 1242 οἶ
577 1180 607 1243 δέ
621 1183 786 1261 ἀπικόμενοί
799 1210 830 1243 τε
848 1189 875 1248 ἐς
894 1185 994 1262 Σάρδις

193 1275 239 1332 καὶ
253 1270 460 1349 καταμαθόντες
472 1271 523 1348 τήν
536 1272 675 1348 βασιλέος
691 1271 834 1349 στρατιήν,
849 1271 883 1335 ὥς
897 1273 995 1332 ἐπάῐσ·

192 1388 237 1422 τοι
263 1362 397 1441 ἐγένοντο,
422 1361 646 1435 βασανισθέντες
668 1359 723 1420 ῦπῦ
749 1365 803 1420 τῶν
829 1367 995 1443 στρατηγῶν

192 1454 242 1509 τοῦ
262 1449 347 1519 πεζοῦ
367 1451 489 1525 στρατοῦ
510 1446 653 1529 ἀπήγοντο
673 1447 708 1510 αἷς
727 1447 920 1525 ἀπολεόμενοι·
948 1452 995 1510 καὶ

192 1540 269 1596 τοῖσι
288 1538 340 1612 μὲν
356 1536 535 1612 κατακέκριτο
554 1535 681 1599 θάνατος·
709 1537 814 1613 Ξέρξης
832 1537 861 1595 δέ
879 1535 913 1600 ὦς
930 1537 994 1598 ἐπά-

193 1625 258 1684 θετο
272 1627 367 1696 ταῦτα,
387 1623 527 1702 μεμφθεὶς
544 1627 599 1683 τῶν
622 1627 787 1704 στρατηγῶν
801 1623 853 1700 τήν
873 1625 993 1704 γνώμην,

192 1713 297 1790 πέμπει
309 1715 364 1772 τῶν
377 1737 452 1774 τινας
468 1710 638 1789 δορυφόρων,
653 1710 851 1788 ἐντειλάμενος,
865 1711 899 1788 ἢν
912 1739 994 1772 κατα-

193 1800 309 1879 λάβωσι
321 1799 386 1865 τοῦς
397 1799 591 1863 κατασκόπους
601 1801 711 1870 ζῶντας,
722 1798 799 1880 άγειν
809 1799 874 1877 παρ’
884 1800 993 1862 ἐωυτόν·

194 1889 230 1952 ὦς
246 1891 275 1949 δὲ
294 1891 333 1949 ἔτι
350 1887 510 1967 περιεόντας
526 1886 626 1950 αὐτοῦς
644 1889 804 1965 κατέλαβον
820 1888 866 1946 καὶ
883 1887 954 1969 ἦγον
967 1895 995 1954 ἐς

194 1976 259 2055 ὄψιν
274 1977 325 2053 τήν
340 1979 487 2054 βασιλέος,
510 1977 542 2037 τό
564 1979 696 2046 ἐνθεῦτεν,
713 1977 866 2054 πυθόμενος
880 1976 921 2036 ἐπ’
935 1978 996 2038 οἶσι

193 2065 290 2142 ἦλθον,
308 2067 417 2125 ἐκέλευέ
429 2073 521 2142 σφεας
538 2065 604 2128 τοῦς
622 2064 794 2142 δορυφόρους
812 2064 996 2146 περιάγοντας

193 2154 397 2214 ἐπιδείκνυσθαι
410 2154 501 2214 πάντα
520 2180 551 2213 τε
571 2151 621 2214 τόν
640 2152 725 2224 πεζόν
743 2152 865 2229 στρατόν
882 2154 927 2211 καὶ
943 2154 997 2229 τήν

195 2243 288 2301 ἵππον·
321 2241 404 2301 ἐπεάν
432 2243 461 2301 δέ
487 2246 574 2302 ταῦτα
602 2239 748 2318 θηεύμενοι
774 2241 840 2300 ἔωσι
866 2240 995 2317 πλήρεες,

194 2327 369 2405 ἀποπέμπειν
383 2334 410 2392 ἐς
423 2329 475 2404 τήν
488 2326 522 2389 άν
536 2328 615 2389 αὐτοὶ
629 2329 748 2390 ἐθέλωσι
766 2329 860 2408 χώρην
872 2328 995 2391 ἀσινέας.

149 2419 203 2478 147
214 2415 369 2497 Ἐτιλέγων
382 2417 411 2476 δὲ
424 2416 475 2477 τόν
488 2417 576 2499 λόγον
588 2415 668 2478 τόνδε
680 2422 768 2477 ταῦτα
779 2418 947 2486 ἐνετέλλετο,
962 2417 998 2481 ως

195 2509 219 2563 εί
237 2507 289 2580 μὲν
309 2503 455 2565 άπιόλοντο
473 2509 499 2565 οἱ
516 2505 700 2577 κατάσκοποι,
715 2503 777 2565 οὔτε
794 2504 827 2566 ἂν
844 2505 880 2565 τά
896 2507 997 2564 ἑωυτοῦ

194 2592 346 2674 πρήγματα
369 2593 561 2671 προεπῦθοπο
589 2597 616 2653 οἶ
638 2593 778 2670 Ἕλληνες
805 2595 886 2654 ἐόντα
908 2593 999 2674 λόγου

194 2681 276 2757 μέζω,
302 2679 357 2740 οὔτ’
385 2679 419 2741 άν
445 2709 472 2741 τι
499 2681 564 2746 τοῦς
591 2683 744 2759 πολεμίους
770 2683 844 2762 μέγα
871 2681 998 2742 ἐσινέατο

195 2767 294 2846 άνδρας
308 2773 381 2845 τρεῖς
399 2768 600 2832 ἀπολέσαντες·
628 2769 825 2846 νοστησάντων
845 2770 875 2829 δέ
894 2768 999 2829 τούτων

196 2863 223 2918 ἐς
248 2855 300 2931 τήν
325 2855 461 2925 Ἑλλάδα,
490 2858 593 2917 δοκέειν
621 2858 700 2938 (ἔφη)
728 2857 902 2920 άκοόσαντας
934 2855 999 2918 τοῦς

192 2944 337 3020 Ἕλληνας
351 2945 388 3004 τὰ
401 2947 501 3003 ἑωυτοῦ
516 2943 678 3024 πρήγματα,
690 2946 745 3023 πρὸ
764 2950 814 3005 τοῦ
828 2944 936 3006 στόλου
949 2947 1000 3003 τοῦ

196 3031 341 3111 γινομένου
361 3029 537 3108 παραδώσειν
557 3032 650 3107 σφέας
669 3033 721 3108 τήν
742 3033 812 3110 ἰδίην
833 3033 1000 3110 ἐλευθερίην,

197 3119 243 3176 καὶ
263 3117 333 3178 οῦτω
354 3117 416 3178 ου’δέ
434 3119 545 3194 δεήσειν
562 3119 603 3178 ἐπ’
626 3120 726 3185 αὐτοῦς
742 3123 1002 3202 στρατηλατέοντας

197 3204 349 3283 πρήγματα
370 3209 451 3284 ἔχειν.
494 3207 552 3266 οἶκε
572 3207 601 3266 δέ
622 3208 709 3268 αῦτοῦ
729 3209 800 3288 αὕτη
819 3211 838 3286 η’
855 3211 1002 3292 γνάμητῇ

198 3316 231 3370 γε
249 3289 334 3369 άλλη·
358 3291 410 3351 ἐῦν
428 3292 484 3372 γάρ
503 3298 532 3352 ἐν
548 3292 661 3374 Ἀβῦδη
681 3295 696 3356 ὁ
716 3299 831 3374 Ξέρξης,
845 3300 899 3360 εἶδε
913 3301 1002 3358 πλοῖα
