<?xml version="1.0" encoding="UTF-8"?>
<!DOCTYPE html PUBLIC "-//W3C//DTD XHTML 1.0 Transitional//EN"
    "http://www.w3.org/TR/xhtml1/DTD/xhtml1-transitional.dtd">
<html xmlns="http://www.w3.org/1999/xhtml" xml:lang="en" lang="en">
 <head>
  <title>
</title>
<meta http-equiv="Content-Type" content="text/html;charset=utf-8" />
  <meta name='ocr-system' content='tesseract 3.04.00' />
  <meta name='ocr-capabilities' content='ocr_page ocr_carea ocr_par ocr_line ocrx_word'/>
</head>
<body>
  <div class='ocr_page' id='page_1' title='image "./herodotusrecens00blakgoog_0025.png"; bbox 0 0 2258 3568; ppageno 0'>
   <div class='ocr_carea' id='block_1_1' title="bbox 146 137 998 3386">
    <p class='ocr_par' dir='ltr' id='par_1_1' title="bbox 147 137 998 726">
     <span class='ocr_line' id='line_1_1' title="bbox 150 137 950 208; baseline 0.004 -16"><span class='ocrx_word' id='word_1_1' title='bbox 150 141 258 208; x_wconf 75' lang='lat'>37-40]</span> <span class='ocrx_word' id='word_1_2' title='bbox 420 137 422 142; x_wconf 79' lang='grc'>’</span> <span class='ocrx_word' id='word_1_3' title='bbox 454 143 655 194; x_wconf 66' lang='lat' dir='ltr'>mmmm.</span> <span class='ocrx_word' id='word_1_4' title='bbox 919 144 950 196; x_wconf 83' lang='grc' dir='ltr'>ιτ</span> 
     </span>
     <span class='ocr_line' id='line_1_2' title="bbox 149 220 952 301; baseline 0.005 -21"><span class='ocrx_word' id='word_1_5' title='bbox 149 221 279 291; x_wconf 92' lang='grc' dir='ltr'>ἐξεδίδου,</span> <span class='ocrx_word' id='word_1_6' title='bbox 293 220 385 281; x_wconf 75' lang='grc' dir='ltr'>ἄλλον</span> <span class='ocrx_word' id='word_1_7' title='bbox 397 226 425 285; x_wconf 89' lang='grc' dir='ltr'>ἐς</span> <span class='ocrx_word' id='word_1_8' title='bbox 440 221 532 298; x_wconf 84' lang='grc' dir='ltr'>άλλην</span> <span class='ocrx_word' id='word_1_9' title='bbox 544 223 630 283; x_wconf 87' lang='grc' dir='ltr'>πάλιν</span> <span class='ocrx_word' id='word_1_10' title='bbox 645 223 813 301; x_wconf 83' lang='grc' dir='ltr'>παραδιδούς</span> <span class='ocrx_word' id='word_1_11' title='bbox 831 223 896 284; x_wconf 83' lang='grc' dir='ltr'>ὅθεν</span> <span class='ocrx_word' id='word_1_12' title='bbox 910 225 952 300; x_wconf 78' lang='grc' dir='ltr'>εἴη</span> 
     </span>
     <span class='ocr_line' id='line_1_3' title="bbox 149 307 998 392; baseline 0.004 -25"><span class='ocrx_word' id='word_1_13' title='bbox 149 309 276 372; x_wconf 81' lang='grc' dir='ltr'>ἕκαστος.</span> <span class='ocrx_word' id='word_1_14' title='bbox 305 307 389 385; x_wconf 75' lang='grc' dir='ltr'>Κάνην</span> <span class='ocrx_word' id='word_1_15' title='bbox 398 311 450 385; x_wconf 89' lang='grc' dir='ltr'>μέν</span> <span class='ocrx_word' id='word_1_16' title='bbox 460 337 508 370; x_wconf 92' lang='grc' dir='ltr'>νυν</span> <span class='ocrx_word' id='word_1_17' title='bbox 517 315 704 387; x_wconf 84' lang='grc' dir='ltr'>Μυτιληναῖοι</span> <span class='ocrx_word' id='word_1_18' title='bbox 715 315 778 371; x_wconf 88' lang='grc' dir='ltr'>ἐπεί</span> <span class='ocrx_word' id='word_1_19' title='bbox 787 337 819 372; x_wconf 90' lang='grc' dir='ltr'>τε</span> <span class='ocrx_word' id='word_1_20' title='bbox 827 311 951 392; x_wconf 89' lang='grc' dir='ltr'>τάχιστα</span> <span class='ocrx_word' id='word_1_21' title='bbox 961 313 998 371; x_wconf 85' lang='grc'>38</span> 
     </span>
     <span class='ocr_line' id='line_1_4' title="bbox 148 398 953 478; baseline 0.006 -23"><span class='ocrx_word' id='word_1_22' title='bbox 148 398 323 474; x_wconf 77' lang='grc' dir='ltr'>παρέλαβον,</span> <span class='ocrx_word' id='word_1_23' title='bbox 335 398 517 478; x_wconf 79' lang='grc' dir='ltr'>ἐξαγαγόντες</span> <span class='ocrx_word' id='word_1_24' title='bbox 530 400 712 459; x_wconf 74' lang='grc' dir='ltr'>κατέλευσαν·</span> <span class='ocrx_word' id='word_1_25' title='bbox 730 404 853 477; x_wconf 84' lang='grc' dir='ltr'>Κυμαῖοι</span> <span class='ocrx_word' id='word_1_26' title='bbox 864 401 893 460; x_wconf 83' lang='grc' dir='ltr'>δέ</span> <span class='ocrx_word' id='word_1_27' title='bbox 903 401 953 460; x_wconf 79' lang='grc' dir='ltr'>τᾶν</span> 
     </span>
     <span class='ocr_line' id='line_1_5' title="bbox 148 485 952 563; baseline 0.01 -19"><span class='ocrx_word' id='word_1_28' title='bbox 148 486 288 563; x_wconf 75' lang='grc' dir='ltr'>σφέτερον</span> <span class='ocrx_word' id='word_1_29' title='bbox 302 485 392 556; x_wconf 78' lang='grc' dir='ltr'>αὐτῶν</span> <span class='ocrx_word' id='word_1_30' title='bbox 406 486 527 562; x_wconf 87' lang='grc' dir='ltr'>άπῆκαν·</span> <span class='ocrx_word' id='word_1_31' title='bbox 545 488 580 550; x_wconf 76' lang='grc' dir='ltr'>ὣς</span> <span class='ocrx_word' id='word_1_32' title='bbox 594 488 623 546; x_wconf 87' lang='grc' dir='ltr'>δέ</span> <span class='ocrx_word' id='word_1_33' title='bbox 637 489 683 546; x_wconf 81' lang='grc' dir='ltr'>καὶ</span> <span class='ocrx_word' id='word_1_34' title='bbox 697 487 782 548; x_wconf 73' lang='grc' dir='ltr'>ἄλλοι</span> <span class='ocrx_word' id='word_1_35' title='bbox 796 492 822 548; x_wconf 83' lang='grc' dir='ltr'>οἶ</span> <span class='ocrx_word' id='word_1_36' title='bbox 835 491 952 552; x_wconf 81' lang='grc' dir='ltr'>πλεῦνες</span> 
     </span>
     <span class='ocr_line' id='line_1_6' title="bbox 148 574 952 658; baseline 0.005 -26"><span class='ocrx_word' id='word_1_37' title='bbox 148 574 278 635; x_wconf 83' lang='grc' dir='ltr'>ἀπίεσαν·</span> <span class='ocrx_word' id='word_1_38' title='bbox 312 574 452 652; x_wconf 89' lang='grc' dir='ltr'>τυράννων</span> <span class='ocrx_word' id='word_1_39' title='bbox 464 578 517 652; x_wconf 85' lang='grc' dir='ltr'>μέν</span> <span class='ocrx_word' id='word_1_40' title='bbox 530 602 577 636; x_wconf 91' lang='grc' dir='ltr'>νυν</span> <span class='ocrx_word' id='word_1_41' title='bbox 591 576 764 640; x_wconf 81' lang='grc' dir='ltr'>κατάπαυσις</span> <span class='ocrx_word' id='word_1_42' title='bbox 778 578 886 658; x_wconf 87' lang='grc' dir='ltr'>ἐγένετο</span> <span class='ocrx_word' id='word_1_43' title='bbox 900 577 952 638; x_wconf 75' lang='grc' dir='ltr'>ἀνά</span> 
     </span>
     <span class='ocr_line' id='line_1_7' title="bbox 147 661 321 726; baseline 0 -4"><span class='ocrx_word' id='word_1_44' title='bbox 147 661 199 725; x_wconf 80' lang='grc' dir='ltr'>τοὶς</span> <span class='ocrx_word' id='word_1_45' title='bbox 212 663 321 726; x_wconf 85' lang='grc' dir='ltr'>πόλιας.</span> 
     </span>
    </p>

    <p class='ocr_par' dir='ltr' id='par_1_2' title="bbox 147 743 988 1180">
     <span class='ocr_line' id='line_1_8' title="bbox 188 743 952 826; baseline 0.004 -24"><span class='ocrx_word' id='word_1_46' title='bbox 188 743 393 825; x_wconf 83' lang='grc' dir='ltr'>Ἀρισταγόρης</span> <span class='ocrx_word' id='word_1_47' title='bbox 413 744 443 803; x_wconf 80' lang='grc' dir='ltr'>δὲ</span> <span class='ocrx_word' id='word_1_48' title='bbox 464 744 480 804; x_wconf 87' lang='lat'>6</span> <span class='ocrx_word' id='word_1_49' title='bbox 501 745 646 822; x_wconf 88' lang='grc' dir='ltr'>Μιλήσιος</span> <span class='ocrx_word' id='word_1_50' title='bbox 665 746 702 810; x_wconf 74' lang='grc' dir='ltr'>ὥς</span> <span class='ocrx_word' id='word_1_51' title='bbox 721 745 786 810; x_wconf 80' lang='grc' dir='ltr'>τούς</span> <span class='ocrx_word' id='word_1_52' title='bbox 803 746 952 826; x_wconf 81' lang='grc' dir='ltr'>τυράννους</span> 
     </span>
     <span class='ocr_line' id='line_1_9' title="bbox 148 832 951 914; baseline 0.006 -26"><span class='ocrx_word' id='word_1_53' title='bbox 148 835 307 892; x_wconf 82' lang='grc' dir='ltr'>κατέπαυσε</span> <span class='ocrx_word' id='word_1_54' title='bbox 320 833 495 913; x_wconf 77' lang='grc' dir='ltr'>στρατηγούς</span> <span class='ocrx_word' id='word_1_55' title='bbox 511 839 539 894; x_wconf 90' lang='grc' dir='ltr'>ἐν</span> <span class='ocrx_word' id='word_1_56' title='bbox 553 832 657 914; x_wconf 75' lang='grc' dir='ltr'>ἑκάστη</span> <span class='ocrx_word' id='word_1_57' title='bbox 670 839 725 895; x_wconf 81' lang='grc' dir='ltr'>τῶν</span> <span class='ocrx_word' id='word_1_58' title='bbox 738 836 845 894; x_wconf 92' lang='grc' dir='ltr'>πολίων</span> <span class='ocrx_word' id='word_1_59' title='bbox 858 834 951 893; x_wconf 90' lang='grc' dir='ltr'>κελεύ-</span> 
     </span>
     <span class='ocr_line' id='line_1_10' title="bbox 147 921 949 1000; baseline 0.002 -22"><span class='ocrx_word' id='word_1_60' title='bbox 147 946 202 984; x_wconf 89' lang='grc' dir='ltr'>σας</span> <span class='ocrx_word' id='word_1_61' title='bbox 223 921 356 984; x_wconf 80' lang='grc' dir='ltr'>ἑκάστους</span> <span class='ocrx_word' id='word_1_62' title='bbox 376 926 562 998; x_wconf 86' lang='grc' dir='ltr'>καταστῆσαι,</span> <span class='ocrx_word' id='word_1_63' title='bbox 582 922 695 1000; x_wconf 89' lang='grc' dir='ltr'>δεύτερα</span> <span class='ocrx_word' id='word_1_64' title='bbox 715 923 798 986; x_wconf 82' lang='grc' dir='ltr'>ου’τδς</span> <span class='ocrx_word' id='word_1_65' title='bbox 816 928 843 986; x_wconf 83' lang='grc' dir='ltr'>ἐς</span> <span class='ocrx_word' id='word_1_66' title='bbox 863 930 949 981; x_wconf 81' lang='grc' dir='ltr'>Λακε·</span> 
     </span>
     <span class='ocr_line' id='line_1_11' title="bbox 147 1007 988 1092; baseline 0.005 -26"><span class='ocrx_word' id='word_1_67' title='bbox 147 1008 266 1085; x_wconf 90' lang='grc' dir='ltr'>δαίμονα</span> <span class='ocrx_word' id='word_1_68' title='bbox 288 1009 396 1086; x_wconf 83' lang='grc' dir='ltr'>τριήρεϊ</span> <span class='ocrx_word' id='word_1_69' title='bbox 422 1009 584 1073; x_wconf 88' lang='grc' dir='ltr'>άπάστολος</span> <span class='ocrx_word' id='word_1_70' title='bbox 608 1012 723 1092; x_wconf 87' lang='grc' dir='ltr'>ἐγίνετο·</span> <span class='ocrx_word' id='word_1_71' title='bbox 751 1011 807 1070; x_wconf 84' lang='grc' dir='ltr'>ἔδεε</span> <span class='ocrx_word' id='word_1_72' title='bbox 833 1009 888 1091; x_wconf 77' lang='grc' dir='ltr'>γάρ</span> <span class='ocrx_word' id='word_1_73' title='bbox 916 1010 950 1087; x_wconf 81' lang='grc' dir='ltr'>δή</span> <span class='ocrx_word' id='word_1_74' title='bbox 980 1007 988 1019; x_wconf 61' lang='grc'>’</span> 
     </span>
     <span class='ocr_line' id='line_1_12' title="bbox 147 1097 775 1180; baseline 0.005 -25"><span class='ocrx_word' id='word_1_75' title='bbox 147 1099 311 1176; x_wconf 85' lang='grc' dir='ltr'>συμμαχίης</span> <span class='ocrx_word' id='word_1_76' title='bbox 324 1097 398 1161; x_wconf 87' lang='grc' dir='ltr'>τινάς</span> <span class='ocrx_word' id='word_1_77' title='bbox 413 1101 439 1157; x_wconf 80' lang='grc' dir='ltr'>οῖ</span> <span class='ocrx_word' id='word_1_78' title='bbox 452 1098 578 1180; x_wconf 86' lang='grc' dir='ltr'>μεγάλης</span> <span class='ocrx_word' id='word_1_79' title='bbox 592 1099 775 1174; x_wconf 79' lang='grc' dir='ltr'>ἐξευρεθῆναι.</span> 
     </span>
    </p>

    <p class='ocr_par' dir='ltr' id='par_1_3' title="bbox 146 1185 996 3386">
     <span class='ocr_line' id='line_1_13' title="bbox 188 1185 996 1264; baseline 0.004 -20"><span class='ocrx_word' id='word_1_80' title='bbox 188 1190 244 1261; x_wconf 83' lang='grc' dir='ltr'>Τῆς</span> <span class='ocrx_word' id='word_1_81' title='bbox 267 1186 296 1245; x_wconf 79' lang='grc' dir='ltr'>δὲ</span> <span class='ocrx_word' id='word_1_82' title='bbox 325 1186 456 1263; x_wconf 77' lang='grc' dir='ltr'>Σπάρτης</span> <span class='ocrx_word' id='word_1_83' title='bbox 478 1185 692 1264; x_wconf 82' lang='grc' dir='ltr'>Ἀναξανδρίδης</span> <span class='ocrx_word' id='word_1_84' title='bbox 716 1189 768 1263; x_wconf 83' lang='grc' dir='ltr'>μὲν</span> <span class='ocrx_word' id='word_1_85' title='bbox 792 1185 807 1246; x_wconf 92' lang='lat'>6</span> <span class='ocrx_word' id='word_1_86' title='bbox 830 1187 996 1250; x_wconf 86' lang='grc' dir='ltr'>Λέοντος39</span> 
     </span>
     <span class='ocr_line' id='line_1_14' title="bbox 148 1273 950 1352; baseline 0.002 -20"><span class='ocrx_word' id='word_1_87' title='bbox 148 1273 240 1334; x_wconf 77' lang='grc' dir='ltr'>οὐκέτι</span> <span class='ocrx_word' id='word_1_88' title='bbox 253 1274 369 1352; x_wconf 81' lang='grc' dir='ltr'>περιεών</span> <span class='ocrx_word' id='word_1_89' title='bbox 379 1276 539 1350; x_wconf 86' lang='grc' dir='ltr'>ἐβασίλευε,</span> <span class='ocrx_word' id='word_1_90' title='bbox 551 1274 628 1334; x_wconf 84' lang='grc' dir='ltr'>άλλοὶ</span> <span class='ocrx_word' id='word_1_91' title='bbox 643 1275 857 1351; x_wconf 83' lang='grc' dir='ltr'>ἐτετελευτήκεε·</span> <span class='ocrx_word' id='word_1_92' title='bbox 876 1280 950 1334; x_wconf 92' lang='grc' dir='ltr'>Κλε-</span> 
     </span>
     <span class='ocr_line' id='line_1_15' title="bbox 149 1363 949 1444; baseline 0.003 -24"><span class='ocrx_word' id='word_1_93' title='bbox 149 1365 248 1439; x_wconf 88' lang='grc' dir='ltr'>ομένης</span> <span class='ocrx_word' id='word_1_94' title='bbox 268 1364 297 1422; x_wconf 88' lang='grc' dir='ltr'>δὲ</span> <span class='ocrx_word' id='word_1_95' title='bbox 318 1363 334 1422; x_wconf 89' lang='lat'>6</span> <span class='ocrx_word' id='word_1_96' title='bbox 354 1363 571 1440; x_wconf 84' lang='grc' dir='ltr'>Ἀναξανδρίδεω</span> <span class='ocrx_word' id='word_1_97' title='bbox 592 1365 650 1444; x_wconf 87' lang='grc' dir='ltr'>εἶχε</span> <span class='ocrx_word' id='word_1_98' title='bbox 670 1364 721 1440; x_wconf 85' lang='grc' dir='ltr'>τῆν</span> <span class='ocrx_word' id='word_1_99' title='bbox 736 1365 902 1440; x_wconf 83' lang='grc' dir='ltr'>βασιληίην,</span> <span class='ocrx_word' id='word_1_100' title='bbox 917 1363 949 1423; x_wconf 85' lang='grc' dir='ltr'>ού</span> 
     </span>
     <span class='ocr_line' id='line_1_16' title="bbox 148 1451 949 1534; baseline 0.005 -26"><span class='ocrx_word' id='word_1_101' title='bbox 148 1451 219 1510; x_wconf 79' lang='grc' dir='ltr'>κατά</span> <span class='ocrx_word' id='word_1_102' title='bbox 231 1451 418 1532; x_wconf 75' lang='grc' dir='ltr'>ἀνδραγαθίην</span> <span class='ocrx_word' id='word_1_103' title='bbox 431 1451 510 1531; x_wconf 79' lang='grc' dir='ltr'>σχιύν</span> <span class='ocrx_word' id='word_1_104' title='bbox 524 1451 601 1511; x_wconf 74' lang='grc' dir='ltr'>ἀλλὰ</span> <span class='ocrx_word' id='word_1_105' title='bbox 615 1452 684 1512; x_wconf 82' lang='grc' dir='ltr'>κατά</span> <span class='ocrx_word' id='word_1_106' title='bbox 697 1454 786 1534; x_wconf 87' lang='grc' dir='ltr'>γένος.</span> <span class='ocrx_word' id='word_1_107' title='bbox 819 1452 949 1522; x_wconf 84' lang='grc' dir='ltr'>Ἀναξαν-</span> 
     </span>
     <span class='ocr_line' id='line_1_17' title="bbox 148 1539 948 1622; baseline 0 -24"><span class='ocrx_word' id='word_1_108' title='bbox 148 1539 226 1618; x_wconf 80' lang='grc' dir='ltr'>δριδῃ</span> <span class='ocrx_word' id='word_1_109' title='bbox 236 1539 290 1622; x_wconf 77' lang='grc' dir='ltr'>γάρ</span> <span class='ocrx_word' id='word_1_110' title='bbox 302 1541 393 1618; x_wconf 83' lang='grc' dir='ltr'>ἔχοντι</span> <span class='ocrx_word' id='word_1_111' title='bbox 405 1544 522 1621; x_wconf 86' lang='grc' dir='ltr'>γυναῖκα</span> <span class='ocrx_word' id='word_1_112' title='bbox 536 1539 677 1618; x_wconf 78' lang='grc' dir='ltr'>ἀδελφεῆς</span> <span class='ocrx_word' id='word_1_113' title='bbox 690 1545 790 1600; x_wconf 78' lang='grc' dir='ltr'>ἑωυτοῦ</span> <span class='ocrx_word' id='word_1_114' title='bbox 801 1542 948 1622; x_wconf 78' lang='grc' dir='ltr'>θυγατέρα,</span> 
     </span>
     <span class='ocr_line' id='line_1_18' title="bbox 148 1627 947 1740; baseline 0.004 -55"><span class='ocrx_word' id='word_1_115' title='bbox 148 1628 194 1685; x_wconf 87' lang='grc' dir='ltr'>καὶ</span> <span class='ocrx_word' id='word_1_116' title='bbox 204 1627 303 1704; x_wconf 85' lang='grc' dir='ltr'>ἐούσης</span> <span class='ocrx_word' id='word_1_117' title='bbox 313 1627 414 1703; x_wconf 83' lang='grc' dir='ltr'>ταύτης</span> <span class='ocrx_word' id='word_1_118' title='bbox 424 1631 451 1687; x_wconf 83' lang='grc' dir='ltr'>οἱ</span> <span class='ocrx_word' id='word_1_119' title='bbox 457 1629 639 1740; x_wconf 71' lang='grc' dir='ltr'>καταθυμίης,</span> <span class='ocrx_word' id='word_1_120' title='bbox 650 1629 746 1692; x_wconf 82' lang='grc' dir='ltr'>’παῖδες</span> <span class='ocrx_word' id='word_1_121' title='bbox 755 1628 805 1688; x_wconf 77' lang='grc' dir='ltr'>οὐκ</span> <span class='ocrx_word' id='word_1_122' title='bbox 815 1630 947 1710; x_wconf 86' lang='grc' dir='ltr'>ἐγίνοντο·</span> 
     </span>
     <span class='ocr_line' id='line_1_19' title="bbox 146 1716 948 1794; baseline 0.003 -20"><span class='ocrx_word' id='word_1_123' title='bbox 146 1716 245 1776; x_wconf 89' lang='grc' dir='ltr'>τούτου</span> <span class='ocrx_word' id='word_1_124' title='bbox 261 1716 290 1774; x_wconf 79' lang='grc' dir='ltr'>δὲ</span> <span class='ocrx_word' id='word_1_125' title='bbox 306 1716 433 1775; x_wconf 89' lang='grc' dir='ltr'>τοιούτου</span> <span class='ocrx_word' id='word_1_126' title='bbox 452 1717 552 1787; x_wconf 86' lang='grc' dir='ltr'>ἐόντος,</span> <span class='ocrx_word' id='word_1_127' title='bbox 568 1720 594 1776; x_wconf 84' lang='grc' dir='ltr'>οἱ</span> <span class='ocrx_word' id='word_1_128' title='bbox 613 1718 752 1794; x_wconf 82' lang='grc' dir='ltr'>ἔφοροι’</span> <span class='ocrx_word' id='word_1_129' title='bbox 726 1743 806 1778; x_wconf 91' lang='grc' dir='ltr'>ειπαν</span> <span class='ocrx_word' id='word_1_130' title='bbox 822 1721 948 1776; x_wconf 87' lang='grc' dir='ltr'>ἐπικαλε-</span> 
     </span>
     <span class='ocr_line' id='line_1_20' title="bbox 147 1803 948 1886; baseline 0.006 -24"><span class='ocrx_word' id='word_1_131' title='bbox 147 1803 266 1880; x_wconf 88' lang='grc' dir='ltr'>σάμενοι</span> <span class='ocrx_word' id='word_1_132' title='bbox 282 1803 397 1875; x_wconf 53' lang='grc' dir='ltr'>αύτδν,(</span> <span class='ocrx_word' id='word_1_133' title='bbox 399 1805 441 1863; x_wconf 74' lang='grc' dir='ltr'>ιει</span> <span class='ocrx_word' id='word_1_134' title='bbox 457 1831 502 1864; x_wconf 89' lang='grc' dir='ltr'>τοι</span> <span class='ocrx_word' id='word_1_135' title='bbox 520 1804 557 1864; x_wconf 90' lang='grc' dir='ltr'>σύ</span> <span class='ocrx_word' id='word_1_136' title='bbox 572 1831 605 1886; x_wconf 92' lang='grc' dir='ltr'>γε</span> <span class='ocrx_word' id='word_1_137' title='bbox 624 1810 746 1865; x_wconf 86' lang='grc' dir='ltr'>σεωυτοῦ</span> <span class='ocrx_word' id='word_1_138' title='bbox 761 1805 802 1883; x_wconf 88' lang='grc' dir='ltr'>μῆ</span> <span class='ocrx_word' id='word_1_139' title='bbox 816 1809 948 1885; x_wconf 84' lang='grc' dir='ltr'>προοροῖς,</span> 
     </span>
     <span class='ocr_line' id='line_1_21' title="bbox 147 1891 947 2006; baseline 0.005 -56"><span class='ocrx_word' id='word_1_140' title='bbox 147 1891 241 1950; x_wconf 67' lang='grc' dir='ltr'>ἀλλ’ι</span> <span class='ocrx_word' id='word_1_141' title='bbox 223 1897 290 1968; x_wconf 85' lang='grc' dir='ltr'>ημῖν</span> <span class='ocrx_word' id='word_1_142' title='bbox 302 1893 385 1952; x_wconf 85' lang='grc' dir='ltr'>τοῦτό</span> <span class='ocrx_word' id='word_1_143' title='bbox 400 1899 462 1953; x_wconf 87' lang='grc' dir='ltr'>ἐστι</span> <span class='ocrx_word' id='word_1_144' title='bbox 476 1893 508 1952; x_wconf 85' lang='grc' dir='ltr'>ού</span> <span class='ocrx_word' id='word_1_145' title='bbox 521 1895 687 1970; x_wconf 80' lang='grc' dir='ltr'>περιοπτέον</span> <span class='ocrx_word' id='word_1_146' title='bbox 699 1895 779 1975; x_wconf 89' lang='grc' dir='ltr'>γένος</span> <span class='ocrx_word' id='word_1_147' title='bbox 792 1921 825 1956; x_wconf 95' lang='grc' dir='ltr'>το</span> <span class='ocrx_word' id='word_1_148' title='bbox 816 1893 947 2006; x_wconf 77' lang='grc' dir='ltr'>Εὐρυσ-</span> 
     </span>
     <span class='ocr_line' id='line_1_22' title="bbox 148 1981 949 2062; baseline 0.009 -24"><span class='ocrx_word' id='word_1_149' title='bbox 148 1981 240 2044; x_wconf 89' lang='grc' dir='ltr'>θένεος</span> <span class='ocrx_word' id='word_1_150' title='bbox 263 1983 395 2062; x_wconf 87' lang='grc' dir='ltr'>γενέσθαι</span> <span class='ocrx_word' id='word_1_151' title='bbox 419 1982 635 2058; x_wconf 44' lang='grc' dir='ltr'>ἐξίτηλονωτυ</span> <span class='ocrx_word' id='word_1_152' title='bbox 598 1982 706 2042; x_wconf 84' lang='grc' dir='ltr'>σύνυν</span> <span class='ocrx_word' id='word_1_153' title='bbox 729 1983 780 2058; x_wconf 83' lang='grc' dir='ltr'>τὴν</span> <span class='ocrx_word' id='word_1_154' title='bbox 802 1985 854 2058; x_wconf 83' lang='grc' dir='ltr'>μὲν</span> <span class='ocrx_word' id='word_1_155' title='bbox 878 1984 949 2062; x_wconf 83' lang='grc' dir='ltr'>ἔχεις</span> 
     </span>
     <span class='ocr_line' id='line_1_23' title="bbox 147 2069 947 2151; baseline 0.009 -26"><span class='ocrx_word' id='word_1_156' title='bbox 147 2071 271 2148; x_wconf 84' lang='grc' dir='ltr'>γυναῖκα,</span> <span class='ocrx_word' id='word_1_157' title='bbox 286 2069 348 2128; x_wconf 87' lang='grc' dir='ltr'>ἐπεί</span> <span class='ocrx_word' id='word_1_158' title='bbox 360 2096 390 2129; x_wconf 91' lang='grc' dir='ltr'>τε</span> <span class='ocrx_word' id='word_1_159' title='bbox 404 2096 448 2128; x_wconf 93' lang='grc' dir='ltr'>τοι</span> <span class='ocrx_word' id='word_1_160' title='bbox 462 2069 493 2128; x_wconf 85' lang='grc' dir='ltr'>ού</span> <span class='ocrx_word' id='word_1_161' title='bbox 507 2071 601 2140; x_wconf 86' lang='grc' dir='ltr'>τίκτει,</span> <span class='ocrx_word' id='word_1_162' title='bbox 616 2071 683 2140; x_wconf 80' lang='grc' dir='ltr'>ἔξεο,</span> <span class='ocrx_word' id='word_1_163' title='bbox 698 2069 791 2146; x_wconf 78' lang='grc' dir='ltr'>ἄλλην</span> <span class='ocrx_word' id='word_1_164' title='bbox 804 2071 833 2129; x_wconf 83' lang='grc' dir='ltr'>δὲ</span> <span class='ocrx_word' id='word_1_165' title='bbox 846 2075 947 2151; x_wconf 81' lang='grc' dir='ltr'>γῆμον·</span> 
     </span>
     <span class='ocr_line' id='line_1_24' title="bbox 148 2156 947 2238; baseline 0.009 -26"><span class='ocrx_word' id='word_1_166' title='bbox 148 2156 194 2214; x_wconf 85' lang='grc' dir='ltr'>καὶ</span> <span class='ocrx_word' id='word_1_167' title='bbox 210 2158 310 2216; x_wconf 84' lang='grc' dir='ltr'>ποιέων</span> <span class='ocrx_word' id='word_1_168' title='bbox 323 2161 419 2228; x_wconf 81' lang='grc' dir='ltr'>ταῦτα,</span> <span class='ocrx_word' id='word_1_169' title='bbox 435 2158 630 2238; x_wconf 78' lang='grc' dir='ltr'>Σπαρτιήτῃσι</span> <span class='ocrx_word' id='word_1_170' title='bbox 644 2158 782 2234; x_wconf 83' lang='grc' dir='ltr'>άδήσεις·”</span> <span class='ocrx_word' id='word_1_171' title='bbox 799 2158 815 2218; x_wconf 87' lang='lat'>6</span> <span class='ocrx_word' id='word_1_172' title='bbox 829 2159 858 2218; x_wconf 83' lang='grc' dir='ltr'>δέ</span> <span class='ocrx_word' id='word_1_173' title='bbox 872 2159 947 2236; x_wconf 87' lang='grc' dir='ltr'>άμεί·</span> 
     </span>
     <span class='ocr_line' id='line_1_25' title="bbox 147 2245 948 2324; baseline 0.007 -22"><span class='ocrx_word' id='word_1_174' title='bbox 147 2245 218 2319; x_wconf 83' lang='grc' dir='ltr'>βετο</span> <span class='ocrx_word' id='word_1_175' title='bbox 232 2245 288 2320; x_wconf 75' lang='grc' dir='ltr'>φάς</span> <span class='ocrx_word' id='word_1_176' title='bbox 306 2245 410 2306; x_wconf 86' lang='grc' dir='ltr'>τούτων</span> <span class='ocrx_word' id='word_1_177' title='bbox 430 2246 560 2324; x_wconf 87' lang='grc' dir='ltr'>ούδέτερα</span> <span class='ocrx_word' id='word_1_178' title='bbox 576 2247 714 2323; x_wconf 88' lang='grc' dir='ltr'>ποιήσειν·</span> <span class='ocrx_word' id='word_1_179' title='bbox 736 2249 853 2311; x_wconf 85' lang='grc' dir='ltr'>ἐκείνους</span> <span class='ocrx_word' id='word_1_180' title='bbox 868 2275 899 2308; x_wconf 94' lang='grc' dir='ltr'>τε</span> <span class='ocrx_word' id='word_1_181' title='bbox 916 2248 948 2308; x_wconf 84' lang='grc' dir='ltr'>ού</span> 
     </span>
     <span class='ocr_line' id='line_1_26' title="bbox 148 2334 946 2417; baseline 0.008 -27"><span class='ocrx_word' id='word_1_182' title='bbox 148 2335 240 2395; x_wconf 80' lang='grc' dir='ltr'>καλῶς</span> <span class='ocrx_word' id='word_1_183' title='bbox 255 2334 461 2410; x_wconf 78' lang='grc' dir='ltr'>συμβουλεύειν</span> <span class='ocrx_word' id='word_1_184' title='bbox 475 2337 673 2411; x_wconf 87' lang='grc' dir='ltr'>παραινέοντας</span> <span class='ocrx_word' id='word_1_185' title='bbox 685 2335 737 2410; x_wconf 82' lang='grc' dir='ltr'>τήν</span> <span class='ocrx_word' id='word_1_186' title='bbox 753 2337 809 2415; x_wconf 81' lang='grc' dir='ltr'>ἔχει</span> <span class='ocrx_word' id='word_1_187' title='bbox 822 2341 946 2417; x_wconf 88' lang='grc' dir='ltr'>γυναῖκα,</span> 
     </span>
     <span class='ocr_line' id='line_1_27' title="bbox 148 2421 948 2502; baseline 0.009 -24"><span class='ocrx_word' id='word_1_188' title='bbox 148 2423 250 2480; x_wconf 79' lang='grc' dir='ltr'>ἐοῦσαν</span> <span class='ocrx_word' id='word_1_189' title='bbox 272 2421 466 2499; x_wconf 77' lang='grc' dir='ltr'>ἀναμάρτητον</span> <span class='ocrx_word' id='word_1_190' title='bbox 487 2427 583 2502; x_wconf 77' lang='grc' dir='ltr'>ἑωυτῷ,</span> <span class='ocrx_word' id='word_1_191' title='bbox 605 2423 707 2499; x_wconf 86' lang='grc' dir='ltr'>ταύτην</span> <span class='ocrx_word' id='word_1_192' title='bbox 731 2423 836 2484; x_wconf 73' lang='grc' dir='ltr'>ἀπέντα</span> <span class='ocrx_word' id='word_1_193' title='bbox 856 2424 948 2501; x_wconf 86' lang='grc' dir='ltr'>ἅλλην</span> 
     </span>
     <span class='ocr_line' id='line_1_28' title="bbox 148 2509 994 2591; baseline 0.008 -25"><span class='ocrx_word' id='word_1_194' title='bbox 148 2511 349 2591; x_wconf 86' lang='grc' dir='ltr'>ἐσαγαγέσθαι</span> <span class='ocrx_word' id='word_1_195' title='bbox 372 2509 436 2568; x_wconf 84' lang='grc' dir='ltr'>ούδέ</span> <span class='ocrx_word' id='word_1_196' title='bbox 450 2518 507 2586; x_wconf 86' lang='grc' dir='ltr'>σφι</span> <span class='ocrx_word' id='word_1_197' title='bbox 520 2512 679 2571; x_wconf 90' lang='grc' dir='ltr'>πείσεσθαι.</span> <span class='ocrx_word' id='word_1_198' title='bbox 722 2512 800 2589; x_wconf 73' lang='grc' dir='ltr'>Πρδς</span> <span class='ocrx_word' id='word_1_199' title='bbox 817 2517 905 2572; x_wconf 84' lang='grc' dir='ltr'>ταῦτα</span> <span class='ocrx_word' id='word_1_200' title='bbox 922 2516 994 2573; x_wconf 82' lang='grc' dir='ltr'>οἱ40</span> 
     </span>
     <span class='ocr_line' id='line_1_29' title="bbox 148 2597 949 2680; baseline 0.009 -26"><span class='ocrx_word' id='word_1_201' title='bbox 148 2597 246 2674; x_wconf 78' lang='grc' dir='ltr'>ἔφοροι</span> <span class='ocrx_word' id='word_1_202' title='bbox 267 2599 312 2656; x_wconf 89' lang='grc' dir='ltr'>καὶ</span> <span class='ocrx_word' id='word_1_203' title='bbox 333 2601 360 2658; x_wconf 81' lang='grc' dir='ltr'>οἱ</span> <span class='ocrx_word' id='word_1_204' title='bbox 377 2599 505 2680; x_wconf 88' lang='grc' dir='ltr'>γέροντες</span> <span class='ocrx_word' id='word_1_205' title='bbox 521 2600 754 2676; x_wconf 81' lang='grc' dir='ltr'>βουλευσάμενοι,</span> <span class='ocrx_word' id='word_1_206' title='bbox 771 2602 949 2678; x_wconf 84' lang='grc' dir='ltr'>προσέφερον</span> 
     </span>
     <span class='ocr_line' id='line_1_30' title="bbox 147 2679 949 2768; baseline 0.006 -24.05"><span class='ocrx_word' id='word_1_207' title='bbox 147 2679 234 2754; x_wconf 85' lang='grc' dir='ltr'>Αναξ</span> <span class='ocrx_word' id='word_1_208' title='bbox 217 2685 345 2766; x_wconf 78' lang='grc' dir='ltr'>ξανδρίδη</span> <span class='ocrx_word' id='word_1_209' title='bbox 366 2685 441 2746; x_wconf 86' lang='grc' dir='ltr'>τάδε·</span> <span class='ocrx_word' id='word_1_210' title='bbox 467 2688 553 2746; x_wconf 87' lang='grc' dir='ltr'>“ἐπεὶ</span> <span class='ocrx_word' id='word_1_211' title='bbox 575 2689 667 2748; x_wconf 78' lang='grc' dir='ltr'>τοίνυν</span> <span class='ocrx_word' id='word_1_212' title='bbox 687 2715 731 2748; x_wconf 92' lang='grc' dir='ltr'>τοι</span> <span class='ocrx_word' id='word_1_213' title='bbox 751 2689 949 2768; x_wconf 87' lang='grc' dir='ltr'>περιεχόμενόν</span> 
     </span>
     <span class='ocr_line' id='line_1_31' title="bbox 148 2772 948 2856; baseline 0.003 -24"><span class='ocrx_word' id='word_1_214' title='bbox 148 2799 184 2832; x_wconf 89' lang='grc' dir='ltr'>σε</span> <span class='ocrx_word' id='word_1_215' title='bbox 196 2772 312 2852; x_wconf 81' lang='grc' dir='ltr'>άρεομεν</span> <span class='ocrx_word' id='word_1_216' title='bbox 321 2779 371 2851; x_wconf 87' lang='grc' dir='ltr'>τῆς</span> <span class='ocrx_word' id='word_1_217' title='bbox 385 2775 456 2854; x_wconf 82' lang='grc' dir='ltr'>ἔχεις</span> <span class='ocrx_word' id='word_1_218' title='bbox 468 2776 604 2856; x_wconf 77' lang='grc' dir='ltr'>γυναικὸς,</span> <span class='ocrx_word' id='word_1_219' title='bbox 616 2800 654 2835; x_wconf 87' lang='grc' dir='ltr'>συ</span> <span class='ocrx_word' id='word_1_220' title='bbox 646 2777 799 2836; x_wconf 82' lang='grc' dir='ltr'>δὲταῦτα</span> <span class='ocrx_word' id='word_1_221' title='bbox 812 2777 888 2836; x_wconf 89' lang='grc' dir='ltr'>ποίεε</span> <span class='ocrx_word' id='word_1_222' title='bbox 902 2777 948 2834; x_wconf 88' lang='grc' dir='ltr'>καὶ</span> 
     </span>
     <span class='ocr_line' id='line_1_32' title="bbox 149 2861 949 2942; baseline 0.004 -21"><span class='ocrx_word' id='word_1_223' title='bbox 149 2861 187 2938; x_wconf 84' lang='grc' dir='ltr'>μῆ</span> <span class='ocrx_word' id='word_1_224' title='bbox 203 2861 347 2940; x_wconf 86' lang='grc' dir='ltr'>άντίβαινε</span> <span class='ocrx_word' id='word_1_225' title='bbox 363 2862 496 2934; x_wconf 83' lang='grc' dir='ltr'>τούτοισι,</span> <span class='ocrx_word' id='word_1_226' title='bbox 516 2865 559 2924; x_wconf 83' lang='grc' dir='ltr'>ἵνα</span> <span class='ocrx_word' id='word_1_227' title='bbox 578 2865 619 2942; x_wconf 88' lang='grc' dir='ltr'>μή</span> <span class='ocrx_word' id='word_1_228' title='bbox 637 2891 664 2924; x_wconf 92' lang='grc' dir='ltr'>τι</span> <span class='ocrx_word' id='word_1_229' title='bbox 681 2865 799 2924; x_wconf 85' lang='grc' dir='ltr'>άλλοῖον</span> <span class='ocrx_word' id='word_1_230' title='bbox 815 2865 878 2942; x_wconf 85' lang='grc' dir='ltr'>περὶ</span> <span class='ocrx_word' id='word_1_231' title='bbox 897 2869 949 2924; x_wconf 83' lang='grc' dir='ltr'>σεῦ</span> 
     </span>
     <span class='ocr_line' id='line_1_33' title="bbox 149 2951 949 3034; baseline 0.009 -25"><span class='ocrx_word' id='word_1_232' title='bbox 149 2953 176 3009; x_wconf 84' lang='grc' dir='ltr'>οἶ</span> <span class='ocrx_word' id='word_1_233' title='bbox 188 2951 363 3028; x_wconf 76' lang='grc' dir='ltr'>Σπαρτιῆται</span> <span class='ocrx_word' id='word_1_234' title='bbox 376 2951 596 3028; x_wconf 77' lang='grc' dir='ltr'>βουλεύσωνται·</span> <span class='ocrx_word' id='word_1_235' title='bbox 613 2952 742 3034; x_wconf 84' lang='grc' dir='ltr'>γυναικός</span> <span class='ocrx_word' id='word_1_236' title='bbox 754 2955 805 3028; x_wconf 80' lang='grc' dir='ltr'>μὲν</span> <span class='ocrx_word' id='word_1_237' title='bbox 814 2956 864 3028; x_wconf 85' lang='grc' dir='ltr'>τῆς</span> <span class='ocrx_word' id='word_1_238' title='bbox 878 2954 949 3032; x_wconf 80' lang='grc' dir='ltr'>ἔχεις</span> 
     </span>
     <span class='ocr_line' id='line_1_34' title="bbox 148 3038 949 3120; baseline 0.004 -24"><span class='ocrx_word' id='word_1_239' title='bbox 148 3038 181 3096; x_wconf 83' lang='grc' dir='ltr'>ού</span> <span class='ocrx_word' id='word_1_240' title='bbox 201 3038 399 3117; x_wconf 86' lang='grc' dir='ltr'>προσδεόμεθά</span> <span class='ocrx_word' id='word_1_241' title='bbox 421 3067 472 3100; x_wconf 91' lang='grc' dir='ltr'>σευ</span> <span class='ocrx_word' id='word_1_242' title='bbox 492 3046 543 3117; x_wconf 92' lang='grc' dir='ltr'>τῆς</span> <span class='ocrx_word' id='word_1_243' title='bbox 565 3043 679 3110; x_wconf 84' lang='grc' dir='ltr'>ἐξέσιος·</span> <span class='ocrx_word' id='word_1_244' title='bbox 701 3039 738 3098; x_wconf 79' lang='grc' dir='ltr'>σύ</span> <span class='ocrx_word' id='word_1_245' title='bbox 762 3040 791 3098; x_wconf 91' lang='grc' dir='ltr'>δὲ</span> <span class='ocrx_word' id='word_1_246' title='bbox 811 3039 898 3120; x_wconf 77' lang='grc' dir='ltr'>ταύτῃ</span> <span class='ocrx_word' id='word_1_247' title='bbox 918 3067 949 3100; x_wconf 91' lang='grc' dir='ltr'>τε</span> 
     </span>
     <span class='ocr_line' id='line_1_35' title="bbox 148 3125 949 3208; baseline 0.006 -24"><span class='ocrx_word' id='word_1_248' title='bbox 148 3125 239 3186; x_wconf 88' lang='grc' dir='ltr'>πάντα</span> <span class='ocrx_word' id='word_1_249' title='bbox 260 3127 317 3188; x_wconf 81' lang='grc' dir='ltr'>ὅσα</span> <span class='ocrx_word' id='word_1_250' title='bbox 339 3133 387 3188; x_wconf 84' lang='grc' dir='ltr'>νῦν</span> <span class='ocrx_word' id='word_1_251' title='bbox 408 3131 538 3208; x_wconf 84' lang='grc' dir='ltr'>παρέχεις</span> <span class='ocrx_word' id='word_1_252' title='bbox 561 3128 674 3206; x_wconf 87' lang='grc' dir='ltr'>πάρεχε,</span> <span class='ocrx_word' id='word_1_253' title='bbox 698 3129 743 3186; x_wconf 84' lang='grc' dir='ltr'>καὶ</span> <span class='ocrx_word' id='word_1_254' title='bbox 767 3127 859 3204; x_wconf 78' lang='grc' dir='ltr'>ἄλλην</span> <span class='ocrx_word' id='word_1_255' title='bbox 879 3128 949 3204; x_wconf 82' lang='grc' dir='ltr'>πρδς</span> 
     </span>
     <span class='ocr_line' id='line_1_36' title="bbox 147 3213 949 3298; baseline -0.009 -21"><span class='ocrx_word' id='word_1_256' title='bbox 147 3215 234 3294; x_wconf 75' lang='grc' dir='ltr'>ταύτῃ</span> <span class='ocrx_word' id='word_1_257' title='bbox 253 3217 377 3298; x_wconf 86' lang='grc' dir='ltr'>ἐσάγαγε</span> <span class='ocrx_word' id='word_1_258' title='bbox 396 3221 513 3298; x_wconf 83' lang='grc' dir='ltr'>γυναῖκα</span> <span class='ocrx_word' id='word_1_259' title='bbox 532 3213 719 3277; x_wconf 88' lang='grc' dir='ltr'>τεκνοποιόν·”</span> <span class='ocrx_word' id='word_1_260' title='bbox 747 3215 834 3274; x_wconf 84' lang='grc' dir='ltr'>ταῦτά</span> <span class='ocrx_word' id='word_1_261' title='bbox 851 3241 886 3289; x_wconf 92' lang='grc' dir='ltr'>κη</span> <span class='ocrx_word' id='word_1_262' title='bbox 904 3219 949 3272; x_wconf 90' lang='grc' dir='ltr'>λε-</span> 
     </span>
     <span class='ocr_line' id='line_1_37' title="bbox 149 3301 949 3386; baseline -0.011 -22"><span class='ocrx_word' id='word_1_263' title='bbox 149 3302 260 3385; x_wconf 80' lang='grc' dir='ltr'>γόντων,</span> <span class='ocrx_word' id='word_1_264' title='bbox 278 3305 459 3386; x_wconf 77' lang='grc' dir='ltr'>συνεχώρησε</span> <span class='ocrx_word' id='word_1_265' title='bbox 480 3305 496 3365; x_wconf 87' lang='lat' dir='ltr'>o‘</span> <span class='ocrx_word' id='word_1_266' title='bbox 516 3301 737 3376; x_wconf 85' lang='grc' dir='ltr'>Ἀναξανδρίδης·</span> <span class='ocrx_word' id='word_1_267' title='bbox 758 3302 828 3377; x_wconf 88' lang='grc' dir='ltr'>μετοὶ</span> <span class='ocrx_word' id='word_1_268' title='bbox 849 3302 886 3369; x_wconf 83' lang='grc' dir='ltr'>δὲ,</span> <span class='ocrx_word' id='word_1_269' title='bbox 902 3325 949 3378; x_wconf 87' lang='grc' dir='ltr'>γυ-</span> 
     </span>
    </p>
   </div>
   <div class='ocr_carea' id='block_1_2' title="bbox 0 0 1134 3568">
    <p class='ocr_par' dir='ltr' id='par_1_4' title="bbox 0 0 1134 3568">
     <span class='ocr_line' id='line_1_38' title="bbox 0 0 1134 3568; baseline 0 0"><span class='ocrx_word' id='word_1_270' title='bbox 0 0 1134 3568; x_wconf 95' lang='lat' dir='ltr'> </span> 
     </span>
    </p>
   </div>
  </div>
 </body>
</html>
