2258 3568
426 417 792 508 ‘HPOAOTOY“

331 574 589 646 ἹΣΤοΡιοΝ
627 519 863 646 όΕΜΠΤΗ.

551 723 652 750 -ε-

485 836 721 891 ΤΕΡΨΙΧΟΡΗ.

133 992 138 1000 ¹
216 925 257 979 01
272 919 301 978 δέ
315 923 344 978 ἐν
356 923 392 997 τῇ
405 917 525 997 Εὐρώπῃ
536 923 591 978 τῶν
602 920 737 997 Περσέων
748 919 981 995 καταλειφθέντες
996 918 1009 974 l

99 1047 104 1058 ·
173 1006 229 1068 όπό
247 1008 368 1084 Δαρείου
384 1010 439 1066 τῶν
458 1005 473 1067 ό
491 1007 665 1088 Μεγάβαζος
683 1008 762 1088 ἦρχε,
783 1007 909 1086 πρώτους
926 1009 992 1083 μὲνΙ

174 1095 339 1173 Περινθίους
346 1095 579 1171 Ἑλλησποντίων
593 1095 625 1156 οὗ
634 1098 827 1173 βουλομένους
840 1095 978 1170 ὖπηκόους

175 1185 245 1244 εἶναι
256 1185 376 1260 Δαρείου
387 1185 621 1263 κατεστρέψαντο,
630 1187 831 1262 περιεφθέντας
842 1183 978 1261 πρότερον
995 1163 1009 1260 φ
1015 1167 1088 1228 “⁴4⁶
1118 1202 1121 1207 ’

175 1274 221 1332 καὶ
231 1273 286 1333 find
297 1272 427 1334 Παιόνων
436 1274 567 1352 τρηχέως.
596 1277 622 1333 οἱ
635 1273 691 1355 γοὶρ
703 1274 740 1334 ὧν
750 1273 806 1333 άπό
818 1271 978 1350 Στρυμόνος
1012 1267 1113 1362 adj&

175 1363 303 1433 Παίονες,
316 1361 477 1441 χρήσαντος
492 1367 541 1422 τοῦ
560 1363 626 1422 θεοῦ
642 1361 845 1439 στρατεύεσθαι
859 1362 905 1420 ἐπὶ
922 1366 977 1419 Πε-

173 1451 303 1527 ρινθίους,
320 1451 366 1508 καὶ
384 1447 418 1526 ἢν
433 1453 485 1527 μὲν
503 1450 739 1527 ἀντικατιζόμενοι
756 1449 980 1510 ἐπικολέσωνταί

175 1545 269 1614 σφεας
282 1541 308 1598 οἶ
326 1539 470 1616 Περίνθιοι
488 1539 626 1617 ὀνομαστὶ
640 1539 786 1616 βώσαντες
799 1539 863 1602 τούς
877 1539 906 1597 δὲ
920 1543 976 1597 ἐπι-

173 1628 298 1706 χειρέειν,
322 1625 357 1703 ἢν
383 1627 413 1686 δέ
438 1627 479 1705 μὴ
507 1628 702 1704 ἐπιβώσωνται
731 1628 772 1706 μὴ
803 1627 975 1706 ἐπιχειρέειν,

175 1717 284 1776 ἐποίευν
304 1719 331 1776 οἶ
351 1717 471 1780 Παίονες
490 1720 586 1776 ταῦτα·
609 1715 854 1793 ἀντικατιζομένων
873 1715 902 1774 δὲ
922 1719 977 1774 τῶν

174 1805 329 1880 Περινθίων
351 1809 379 1863 ἐν
402 1807 440 1882 τῷ
463 1805 634 1883 προαστηίῳ,
657 1806 775 1864 ἐνθαῦτα
797 1803 976 1882 μουνομαχίη

173 1894 313 1968 τριφασίη
327 1897 356 1950 ἐκ
369 1891 543 1969 προκλήσιός
557 1899 613 1968 σφι
627 1894 744 1973 ἐγένετο·
762 1893 807 1951 καὶ
820 1893 875 1973 γάρ
890 1890 976 1969 ἄνδρα

174 1979 261 2057 ἐνδρὶ,
284 1981 330 2039 καὶ
353 1981 439 2040 ἵππον
461 1981 536 2060 ἵππῳ
559 1982 728 2057 συνέβαλον,
751 1982 796 2040 καὶ
819 1979 886 2039 κώνα
907 1980 976 2040 κυνί·

175 2069 308 2130 νικώντων
327 2069 356 2128 δὲ
377 2069 412 2128 τά
450 2069 482 2128 ύο
503 2073 558 2129 τῶν
577 2071 739 2146 Περινθίων,
758 2069 793 2132 ὦς
816 2068 976 2139 ἐπαιώνιζον

175 2158 366 2236 κεχαρηκότες,
377 2158 571 2234 συνεβάλοντο
583 2161 609 2217 οἱ
623 2159 741 2220 Παίονες
754 2157 787 2217 τό
802 2156 976 2236 χρηστήριον

174 2245 242 2306 αάτὸ
254 2250 338 2306 τοῦτο
352 2245 429 2305 εἶναι·
447 2246 492 2304 καὶ
507 2245 588 2306 εἶπάν
598 2273 647 2306 κου
661 2245 737 2322 ταροῖ
750 2247 838 2322 σφίσι
853 2245 974 2305 αὐτοῖσι·

174 2339 251 2394 “νῦν
274 2333 307 2395 ἂν
330 2336 372 2411 εἴη
396 2333 411 2394 ὁ
435 2334 565 2413 χρησμός
589 2334 799 2411 ἐπιτελεόμενος
823 2334 900 2412 ἡμῖν·
928 2339 976 2394 νῦν

173 2421 309 2501 ἡμέτερον
321 2423 354 2483 τό
369 2421 474 2504 ἐργον·”
495 2421 565 2481 οὕτω
581 2427 656 2482 τοῖσι
674 2424 850 2510 Περινθίοισι
863 2423 974 2481 παιωνί-

174 2535 246 2570 σασι
264 2513 451 2590 ἐπιχειρέουσι
472 2513 498 2570 οἶ
519 2511 647 2580 Παίονες,
665 2511 710 2569 καὶ
728 2515 828 2589 πολλῷ
846 2537 876 2570 τε
897 2509 975 2587 ἐκρά-

173 2625 264 2675 τησαν
284 2600 329 2659 καὶ
348 2599 445 2660 ἐλιπόν
462 2606 558 2676 σφεων
573 2599 694 2681 ὀλίγους.
736 2599 778 2658 To?
795 2603 847 2676 μὲν
868 2598 902 2674 δὴ
920 2597 1009 2661 α’πὸ2

174 2688 303 2748 Παιόνων
326 2687 462 2765 πρότερον
483 2687 620 2769 γενόμενα
643 2685 694 2747 ὧδε
719 2689 836 2769 ἐγένετο·
862 2686 925 2747 τότε
946 2685 975 2744 δὲ

173 2774 279 2853 άνδρῶν
297 2776 409 2859 ἀγαθῶν
428 2776 492 2862 περὶ
510 2779 560 2850 τῆς
579 2776 734 2852 ἐλευθερίης
752 2776 902 2856 γινομένων
920 2777 975 2833 τῶν

174 2866 377 2942 Περινθίων,οἱ
396 2865 508 2940 Πέρσαι
525 2890 557 2923 τε
575 2865 621 2922 καὶ
638 2863 654 2922 ό
673 2863 846 2943 Μεγάβαζος
861 2861 974 2938 ἐπεκρά-

172 2978 264 3027 τησαν
280 2953 392 3029 πλήθεϊ.
429 2951 463 3014 ώς
480 2952 509 3010 δέ
528 2951 660 3030 ἐχειρώθη
676 2949 694 3026 ἡ
711 2950 856 3027 Πέρινθος,
870 2949 975 3026 ἤλαυνε

172 3040 223 3100 τόν
239 3042 360 3118 στρατόν
379 3039 395 3101 ό
416 3039 590 3121 Μεγάβαζος
606 3038 651 3097 διὰ
667 3042 716 3112 τῆς
734 3038 863 3114 Θρηίκης,
877 3042 974 3095 πᾶσαν

173 3129 258 3189 πόλιν
266 3132 312 3190 καὶ
319 3135 377 3190 πᾶν
387 3130 464 3191 ἔθνος
473 3131 527 3187 τῶν
535 3126 621 3203 ταύτῃ
630 3124 780 3199 οἰκημένων
787 3123 974 3198 ἡμερούμενος

172 3218 302 3294 βασιλέϊ·
322 3222 411 3279 ταῦτα
426 3215 481 3297 γάρ
498 3217 524 3273 οἱ
544 3213 691 3272 ἐντέταλτο
708 3215 738 3267 ἐκ
756 3209 883 3284 Δαρείου,
901 3213 974 3279 Θρη-

173 3307 235 3384 ίκην
249 3304 507 3385 καταστρέφεσθαι.
