2282 3550
174 137 315 202 τοι-ιιι]
478 139 663 187 nomm.
927 141 973 188 τοι

171 217 390 295 Κλεομβρότου,
405 214 497 298 (οὗτος
507 217 561 299 γάρ
571 217 606 294 ἦν
617 217 750 280 νεότατος
758 217 974 295 Ἀναξανδρίδεω

170 307 259 386 παῖς,)
273 307 319 365 καὶ
348 306 366 383 ἡ
378 307 424 365 καὶ
438 305 496 385 εἶχε
511 307 686 384 Κλεομένεος
700 307 847 387 θυγατέρα·
865 304 896 368 ὃς
908 303 974 364 τότε

169 394 214 470 ἤϊε
238 401 266 459 ἐς
292 393 485 473 Θερμοπύλας,
509 394 707 472 ἐπιλεξάμενος
733 394 834 472 ἄνδρας
856 419 887 452 τε
910 392 974 456 τούς

171 488 361 547 κατεστεῶτας
374 484 551 562 τριηκοσίους
564 484 611 542 καὶ
623 487 700 544 τοῖσι
714 482 865 564 ἐτύγχανον
877 482 973 544 παῖδες

171 572 271 636 ἐόντες·
292 571 468 650 παραλαβών
482 572 511 630 δέ
523 571 639 631 ἀπίκετο
658 573 704 630 καὶ
720 573 854 647 Θηβαίων
866 570 931 634 τούς
945 575 972 633 ἐς

169 660 220 719 τόν
247 659 367 738 α’ριθμδν
394 658 584 740 λογισάμενος
610 659 696 729 εἶπον,
723 663 779 719 τῶν
803 659 972 740 ἐστρατήγεε

169 748 339 824 Λεοντιάδης
359 747 375 808 ό
393 747 573 826 Εὐρυμάχου·
600 747 681 814 τοῦδε
701 747 731 806 δέ
752 747 841 807 εἵνεκα
856 747 970 810 τούτους

169 836 299 912 σπουδήν
313 835 466 912 ἐποιήσατο
480 836 619 912 Λεωνίδης
631 835 749 912 μούνους
758 834 903 910 Ἑλλήνων
920 861 971 894 πα-

168 927 318 1002 ραλαβεῖν,
333 925 376 985 ὅτι
390 926 488 997 σφέων
505 924 634 1005 μεγάλως
653 924 826 1004 κατηγόρητο
839 923 971 1000 μηδίζειν·

167 1013 326 1090 παρεκάλεε
347 1012 384 1073 ὧν
404 1019 432 1076 ἐς
451 1012 501 1072 τόν
524 1013 659 1088 πόλεμον,
682 1012 771 1071 θέλων
796 1011 894 1070 εἰδέναι
918 1011 972 1071 εἶτε

168 1102 384 1179 συμπέμψουσι,
404 1102 459 1161 εἴτε
480 1102 526 1159 καὶ
544 1100 695 1178 ἀπερέουσι
714 1105 744 1158 ἐκ
762 1103 813 1159 τοῦ
833 1100 970 1175 ἐμφανέος

167 1187 221 1264 τήν
246 1189 392 1265 Ἑλλήνων
418 1189 592 1268 συμμαχίην·
624 1191 650 1248 οἶ
676 1188 706 1248 δέ
732 1186 972 1264 ἀλλοφρονέοντες

168 1275 303 1353 ἔπεμπον.

210 1366 331 1428 Τούτους
347 1368 399 1442 μὲν
416 1364 482 1428 τούς
500 1364 575 1442 ἀμφὶ
593 1365 732 1441 Λεωνιδην
746 1364 871 1443 πρώτους
884 1363 947 1426 όπέ-
960 1367 1017 1424 206

168 1461 285 1532 πεμψαν
306 1455 487 1530 Σπαρτιῆται,
503 1453 548 1514 ἵνα
567 1453 681 1516 τούτους
702 1453 818 1530 ὁρῶντες
839 1457 865 1512 οἱ
885 1452 975 1512 ἄλλοι

168 1541 316 1620 σύμμαχοι
335 1541 548 1619 στρατεύωνται·
573 1542 643 1618 μηδὲ
660 1543 705 1600 καὶ
721 1539 797 1600 οὗτοι
818 1542 968 1618 μηδίσωσι,

168 1629 203 1705 ἢν
218 1629 318 1693 αὐτούς
335 1629 525 1689 πυνθάνωνται
542 1629 818 1706 ὑπερβαλλομένους·
845 1629 916 1706 μετά
932 1631 969 1699 δὲ,

169 1719 294 1796 Κάρνεια
310 1718 366 1800 γάρ
385 1724 441 1795 σφι
460 1716 496 1794 ἦν
513 1717 648 1795 ἐμποδιδν,
666 1719 786 1794 ἔμελλον
800 1717 970 1795 ὁρτάσαντες

168 1807 215 1865 καὶ
236 1806 366 1883 φυλακάς
385 1805 516 1868 λιπόντες
536 1811 565 1865 ἐν
583 1811 619 1885 τῇ
641 1805 767 1888 Σπάρτῃ,
779 1806 857 1875 ίκατά
885 1806 970 1884 τάχος

167 1895 301 1972 βοηθέειν
313 1895 459 1972 πανδημεί.
502 1894 537 1957 εδς
554 1895 584 1952 δέ
603 1896 649 1954 καὶ
666 1898 693 1954 οἱ
711 1895 807 1954 λοιποὶ
824 1899 880 1954 τῶν
898 1921 969 1970 συμ-

167 1983 267 2064 μάχων
288 1987 416 2045 ἐνενῶντο
435 1984 481 2042 καὶ
500 1981 578 2044 αύτοὶ
600 1985 679 2061 ἔτερα
696 1988 812 2044 τοιαῦτα
829 1983 968 2059 ποιήσειν·

167 2070 203 2147 ἦν
215 2071 272 2154 γάρ
287 2073 356 2132 κατά
369 2070 457 2132 τώυτό
470 2071 629 2148 Ὀλυμπιάς
646 2071 773 2132 τούτοισι
790 2076 867 2132 τοῖσι
880 2073 968 2154 πρήγ-

167 2187 240 2239 μασι
267 2164 466 2237 συμπεσοῦσα·
501 2159 589 2220 ούκων
621 2161 761 2224 δοκέοντες
789 2161 858 2219 κατά
884 2162 970 2241 τάχος

168 2249 239 2310 ούτω
253 2249 485 2327 διακριθήσεσθαι
503 2249 553 2308 τόν
571 2254 600 2308 ἐν
618 2249 821 2328 Θερμοπύλῃσι
834 2249 968 2327 πόλεμον,

168 2339 293 2416 ἔπεμπον
300 2338 364 2401 τούς
374 2336 563 2424 προδρόμους.ν
581 2335 667 2396 Οὗτοι
677 2340 728 2412 μέν
739 2337 773 2413 δή
785 2336 855 2396 οὕτω
865 2338 946 2398 διενε-
957 2342 1014 2399 207

167 2430 253 2487 νῶντο
280 2425 419 2501 ποιήσειν·
444 2428 470 2484 οἱ
493 2425 523 2483 δέ
547 2429 576 2484 ἐν
597 2425 800 2503 Θερμοπύλῃσι
819 2425 968 2502 Ἕλληνες,

167 2513 262 2590 ἐπειδή
276 2515 366 2576 πέλας
379 2515 488 2594 ἐγένετο
501 2517 551 2588 τῆς
564 2514 692 2588 ἐσβολῆς
702 2512 718 2573 ό
728 2515 852 2591 Πέρσης,
867 2540 966 2591 καταρ-

166 2603 324 2681 ρωδέοντες,
338 2599 523 2678 ἐβουλεύοντο
543 2603 606 2678 περὶ
625 2600 803 2682 ἀπαλλαγῆς·
825 2605 902 2661 τοῖσι
917 2603 969 2679 μέν

166 2717 215 2750 νυν
241 2689 360 2750 ἄλλοισι
387 2689 646 2765 Πελοπονιησίοισι
673 2689 772 2760 ἐδόκεε,
798 2691 914 2749 ἐλθοῦσι
942 2695 970 2753 ἐς

166 2777 391 2854 Πελοπόννησον
403 2777 453 2837 τόν
465 2776 582 2854 Ἰσθμόν
596 2779 668 2857 ἔχειν
683 2783 711 2836 ἐν
725 2781 848 2856 φυλακῇ·
870 2779 968 2836 Λεωνί-

166 2865 215 2942 δης
239 2867 278 2936 δέ,
302 2867 417 2926 Φωκέων
441 2865 487 2924 καὶ
508 2871 624 2943 Λοκρῶν
647 2865 906 2944 περισπερχεόντων
932 2870 969 2946 τῇ

165 2955 263 3036 γνώμη
284 2953 379 3033 ταύτῃ,
402 2952 489 3012 αύτοῦ
508 2953 539 3012 τε
559 2955 652 3029 με’νειν
676 2954 827 3031 ἐψηφίζετο
847 2953 969 3029 πέμπειν

166 3068 197 3102 τε
214 3043 353 3123 ἀγγέλους
370 3047 397 3104 ἐς
411 3040 462 3104 τάς
478 3040 579 3103 πόλιας
598 3040 761 3100 κελεύοντάς
779 3045 835 3114 σφι
854 3043 969 3118 ἐπιβοη-

166 3130 248 3200 θέειν,
262 3129 299 3192 ιύς
312 3129 410 3189 ἐόντων
429 3127 519 3187 αὐτῶν
533 3127 636 3206 ὀλίγων
653 3126 776 3199 στρατόν
794 3131 851 3184 τῶν
864 3128 970 3194 Μήδων

165 3217 333 3288 α’λέξασθαι.

207 3310 303 3366 Ταῦτα
318 3306 531 3381 βουλευομένων
543 3297 650 3372 σφέων,
664 3301 768 3370 ἔπεμπε
785 3298 888 3372 Ξέρξης
903 3324 947 3354 κα·
958 3299 1017 3354 208
