2250 3552
179 148 226 194 τοι
486 142 669 192 τιςοιοτοτ
916 142 977 203 [1x.

284 222 561 245 Αὶῑὶἢθ
815 223 823 243 Ι

179 250 312 301 στρατιης
336 249 382 282 και
402 250 457 282 υπο
478 249 528 297 της
549 248 635 281 ιππου
655 247 876 299 ταρασσομενης,
901 250 980 283 συνε-

179 314 324 392 λέχθησαν
338 312 402 388 περὶ
415 311 504 370 αὐτῶν
516 337 547 370 τε
559 309 662 370 τούτων
677 309 723 368 καὶ
736 309 839 382 ἄλλων,
852 311 982 375 ἐλθόντες

179 401 255 477 παρὰ
279 399 445 476 Παυσανίην
467 399 512 457 ἐπὶ
532 399 566 458 τό
588 398 676 467 δεξιόν
698 398 788 474 κέρας·
818 397 895 457 ἄλλα
916 399 982 480 γᾶρ,

178 488 282 548 τούτων
304 486 437 548 τοιούτων
460 486 567 556 ἐόντων,
589 485 702 563 μᾶλλόν
722 492 814 562 σφεας
836 486 982 547 ἐπελύπεε·

180 575 242 636 οὔτε
257 576 312 657 γὰρ
330 575 408 636 σιτία
426 575 502 654 εἶχον
520 575 568 645 ἔτι,
583 575 612 633 οἵ
623 575 655 634 τέ
668 581 764 650 σφεων
780 573 897 637 ὀπέωνες
913 573 982 635 ἅπα-

179 665 353 741 πεμφθέντες
386 670 413 727 ἐς
440 661 661 738 Πελοπόννησον
690 661 725 725 ὦς
758 662 982 739 ἐπισιτιεύμενοι,

182 752 372 812 ἅπακεκλέατο
385 751 439 811 ύπό
452 753 502 826 τῆς
517 751 612 820 ἵππου,
627 750 659 810 ού
673 750 818 826 δυνάμενοι
830 749 983 812 ἀπικέσθαι

132 845 168 899 51
181 847 207 904 ἐς
220 841 253 901 τό
267 840 466 918 στρατόπεδον.
508 839 744 916 Βουλευομένοισι
761 839 790 897 δέ
806 843 882 898 τοῖσι
896 865 983 915 στρα-

179 934 293 1010 τηγοῖσι
309 929 393 998 ἔδοξε,
409 926 443 1004 ἢν
462 927 678 1004 ύπερβόλωνται
698 927 788 1002 κείνην
806 925 857 1002 τὴν
875 926 983 1004 ἡμέρην

183 1021 209 1077 οἱ
230 1019 341 1094 Πέρσαι
361 1016 515 1094 συμβολὴν
534 1015 574 1092 μή
595 1013 760 1090 ποιεύμενοι,
776 1021 802 1077 ές
822 1014 874 1090 τὴν
894 1021 983 1091 νῆσον

182 1108 258 1166 ἰέναι·
278 1105 297 1182 ἡ
318 1106 349 1164 δέ
369 1111 430 1165 ε’στι
450 1103 506 1164 οἷπὸ
527 1107 577 1163 τοῦ
590 1103 723 1164 Ἀσωποῦ
745 1104 791 1161 καὶ
811 1107 861 1179 τῆς
881 1103 982 1181 κρήνης

180 1199 230 1270 τῆς
249 1195 422 1275 Γαργαφίης,
437 1191 479 1252 ἐπ’
499 1190 518 1271 ᾖ
541 1190 809 1269 ἐστρατοπεδεύοντο
829 1191 902 1261 τότε,
917 1193 983 1251 δέκα

180 1283 310 1346 σταδίους
336 1282 490 1360 α’πέχουσα,
519 1280 574 1357 πρὸ
600 1283 650 1355 τῆς
681 1279 846 1338 Πλαταιέων
873 1280 981 1345 πόλιος.

180 1376 266 1447 νῆσος
292 1371 321 1430 δὲ
348 1369 418 1430 οὕτω
444 1367 478 1429 ἂν
506 1370 547 1444 εἴη
574 1373 602 1428 ἐν
628 1367 742 1446 ἠπείρῳ·
772 1366 939 1446 σχιζόμενος
965 1368 982 1430 ό

181 1458 307 1535 ποταμός
319 1458 422 1517 ἄνωθεν
439 1463 468 1516 ἐκ
485 1460 536 1517 τοῦ
557 1457 731 1533 Κιθαιρόνος
742 1455 801 1532 ῥέει
821 1455 894 1515 κιίτω
908 1461 936 1520 ἐς
949 1457 982 1517 τό

180 1547 282 1617 πεδίον,
298 1547 395 1624 διέχων
413 1545 460 1603 ἀπ’
475 1545 608 1620 ἀλλήλων
621 1543 657 1604 τοὶ
670 1545 770 1621 ῥέεθρα
783 1542 905 1621 ὅσονπερ
918 1547 982 1622 τρία

181 1635 291 1694 στάδια·
334 1635 379 1692 καὶ
400 1635 494 1694 ἔπειτα
518 1634 674 1714 συμμίσγει
697 1638 724 1695 ἐς
744 1631 841 1692 τώυτό·
877 1632 983 1711 οὕνομα

181 1724 212 1784 δέ
237 1727 264 1784 οἱ
289 1722 398 1801 Ὠερόη·
433 1723 572 1803 θυγατέρα
599 1722 628 1780 δὲ
649 1721 751 1797 ταύτην
775 1721 892 1801 λέγουσι
914 1722 982 1782 εἶναι

180 1813 312 1872 Ἀσωποῦ
339 1814 366 1870 οἱ
393 1810 544 1889 ἐπιχώριοι.
587 1815 613 1872 ἐς
639 1813 738 1870 τοῦτον
763 1807 796 1884 δὴ
819 1809 868 1868 τόν
891 1814 983 1888 χῶρον

183 1901 392 1978 ἐβουλεύσαντο
416 1905 631 1977 μεταναστῆναι,
657 1898 701 1958 ἵνα
725 1899 771 1956 καὶ
796 1897 874 1958 ύδατι
898 1901 982 1977 ἔχωσι

181 1991 307 2068 χρᾶσθαι
325 1989 439 2067 ἀφθόνῳ
459 1989 505 2047 καὶ
521 1991 548 2047 οἱ
565 1987 660 2050 ἱππέες
680 1988 772 2062 σφέας
787 1985 827 2062 μὴ
846 1989 980 2062 σινοίατο,

183 2078 276 2156 ὥσπερ
291 2077 349 2138 κατ’
364 2082 373 2136 ί
392 2077 408 2136 ύ
423 2076 531 2138 ἐόντων·
547 2076 761 2153 μετακινέεσθαί
771 2101 802 2134 τε
816 2074 906 2134 ἐδόκεε
919 2075 983 2136 τότε

183 2167 265 2228 ἐπεᾶν
288 2171 339 2242 τῆς
361 2165 457 2229 νυκτός
483 2164 502 2245 ᾖ
529 2165 641 2242 δευτέρη
669 2162 792 2240 φυλακὴ,
819 2162 855 2227 ὥς
881 2163 915 2224 ἂν
941 2165 982 2241 μὴ

183 2255 286 2314 ἰδοίατο
309 2257 336 2313 οἶ
358 2255 469 2330 Πέρσαι
491 2253 717 2331 ἐξορμεωμένους,
740 2252 789 2310 καί
808 2258 900 2327 σφεας
921 2253 983 2312 έπό·

182 2369 260 2419 μενοι
273 2341 444 2418 ταράσσοιεν
458 2345 485 2401 οἱ
499 2341 623 2400 ἱππόται.
664 2340 837 2416 α’πικομένων
851 2339 880 2398 δέ
894 2345 921 2403 ἐς
934 2341 983 2401 τόν

184 2436 275 2510 χῶρον
288 2433 387 2490 τοῦτον
400 2429 449 2490 τόν
463 2431 496 2506 δή
511 2430 529 2506 ἡ
542 2430 665 2492 Ἀσωπὶς
678 2427 778 2506 Ὠερόη
792 2430 983 2508 περισχίζεται

184 2521 287 2597 ῥέουσα
308 2523 338 2578 ἐκ
358 2521 407 2578 τοῦ
429 2520 608 2596 Κιθαιρῶνος,
630 2517 684 2576 ύπδ
704 2516 756 2591 τήν
777 2515 861 2576 νύκτα
881 2516 983 2592 ταύτην

183 2608 273 2668 ἐδόκεε
293 2606 356 2670 τούς
376 2605 497 2683 ἡμίσεας
509 2605 705 2665 ’ἀποστέλλειν
721 2608 771 2663 τοῦ
792 2605 983 2680 στρατοπέδου

183 2697 252 2774 πρὸς
272 2697 322 2757 τόν
343 2696 511 2772 Κιθαιρῶνα,
532 2693 566 2757 ὦς
587 2693 757 2767 ἀναλάβοιεν
779 2689 843 2753 τούς
862 2690 983 2756 ὀπέωνας

183 2785 247 2848 τούς
273 2785 318 2844 ἐπὶ
340 2783 376 2844 τὰ
403 2785 481 2843 σιτία
508 2783 677 2861 οἰχομένους·
713 2780 787 2856 ἦσαν
810 2780 865 2862 γιίρ
891 2784 920 2840 ἐν
946 2783 984 2860 τῷ

186 2875 338 2951 Κιθαιρῶνι
349 2871 589 2948 ἀπολελαμμένοι.

136 2964 174 3018 52
224 2965 318 3020 Ταῦτα
344 2959 576 3036 βουλευσόμενοι,
605 2959 695 3032 κείνην
722 2959 773 3032 μὲν
799 2955 852 3032 τὴν
877 2956 984 3034 ἡμέρην

184 3052 288 3118 πᾶσαν,
307 3048 508 3124 προσκειμένης
526 3049 576 3120 τῆς
595 3047 689 3113 ἵππου,
709 3045 784 3122 εἶχον
803 3044 890 3104 πόνον
903 3043 983 3122 ἅτρυ·

184 3161 241 3193 τον·
256 3134 290 3197 ὦς
301 3135 358 3209 δέἥ
372 3160 402 3192 τε
412 3133 503 3210 ἡμέρη
515 3134 598 3213 ἔληγε
613 3134 658 3191 καὶ
669 3136 695 3190 οἱ
710 3133 805 3195 ἱππέες
819 3134 983 3204 ἐπέπαυντο,

184 3222 280 3284 νυκτός
301 3222 335 3296 δὴ
357 3222 505 3301 γενομένης
530 3221 576 3278 καὶ
597 3219 697 3296 ἐούσης
718 3224 768 3294 τῆς
790 3219 861 3296 ὥρης
883 3225 910 3284 ἐς
931 3221 984 3298 την

184 3308 325 3368 συνέκειτό
338 3314 394 3382 σφι
406 3307 657 3377 ἀπαλλάσσεσθαι,
671 3309 789 3368 ἐνθαῦτα
802 3307 945 3379 ἀερθέντες
958 3313 985 3370 οἱ
