2276 3554
154 109 202 162 ιιι
471 111 654 160 ὀνοιονοτ
893 108 953 175 [νι.

154 192 228 252 αἴτεε
242 189 340 251 ἑκατόν
352 188 486 260 τάλαντα,
501 190 566 266 φάς,
579 189 614 265 ἣν
627 191 668 267 μή
682 193 709 250 οἱ
721 190 800 262 δῦσι,
814 190 864 251 οὑκ
884 189 954 251 άπα-

154 278 307 356 ναστήσειν
323 279 374 356 τὴν
395 278 531 356 στρατιήν
551 279 616 355 πρὶν
629 276 647 354 ἢ
662 279 745 357 ἐξέλῃ
762 279 863 355 σφέας·
885 283 912 340 οἱ
926 280 956 339 δὲ

155 368 258 443 Πάριοι
284 366 353 430 ὅκως
375 368 427 444 μέν
451 392 479 426 τι
505 365 630 426 διόσουσι
654 365 798 446 Μιλτιάδῃ
824 365 957 448 ἀργυρίου

155 455 217 514 οῦδὲ
231 455 393 515 διενοεῦντο·
415 458 442 514 οἶ
455 454 484 514 δὲ
501 453 570 517 ὅκως
586 454 793 530 διαφυλάξουσι
806 453 858 530 τήν
871 455 956 515 πόλιν

154 547 237 603 τοῦτο
259 547 445 622 ἐμηχανῶντο,
467 541 544 602 άλλα
565 569 596 602 τε
617 541 835 620 ἐπιφραζόμενοι
856 543 902 602 καὶ
919 547 956 623 τῇ

154 631 283 709 μάλιστα
297 632 361 690 ἔσκε
375 631 508 691 ἐκάστοτε
523 632 661 709 ἐπίμαχον
679 633 730 690 τοῦ
745 631 859 709 τείχεος,
873 634 957 691 τοῦτο

109 721 166 778 134
176 718 234 794 ἅμα
248 720 325 779 νυκτὶ
338 719 452 798 ἐξήρετο
465 717 617 794 διπλήσιον
629 722 680 778 τοῦ
691 717 822 797 άρχαίου.
850 717 957 795 Ἐςμέν

156 807 189 882 δὴ
210 812 332 868 τοσοῦτο
352 812 402 868 τοῦ
422 806 511 889 λόγου
526 810 553 866 οἶ
566 806 667 871 πάντες
675 806 815 882 Ἕλληνες
827 807 956 888 λέγουσι·

156 894 188 954 τῦ
205 897 329 956 ἐνθεῦτεν
344 895 374 955 δέ
388 895 467 955 αὑτοὶ
480 894 584 971 Πάριοι
603 895 735 976 γενέσθαι
755 891 807 954 ὦδε
827 895 955 975 λέγουσι·

157 983 299 1062 Μιλτιάδῃ
320 983 468 1061 άπορέοντι
489 983 581 1042 ἐλθεῖν
604 987 631 1046 ἐς
651 982 754 1064 λόγους
777 983 957 1062 αἰχμάλωτον

155 1075 280 1151 γυναῖκα,
303 1076 406 1132 ἐοῦσαν
429 1073 480 1148 μέν
503 1071 614 1148 Παρίην
634 1072 723 1152 γένος,
747 1069 852 1147 οὑνομα
876 1070 907 1129 δέ
930 1075 957 1130 οἶ

157 1158 225 1218 εἶναι
235 1163 350 1234 Τιμοῦν·
372 1160 441 1219 εἶναι
451 1159 481 1218 δέ
493 1157 665 1235 ὑποζάκορον
678 1162 732 1218 τιῦν
745 1159 863 1237 χθονίων
877 1159 956 1218 θεῶν·

155 1247 258 1324 ταύτην
276 1248 306 1307 δέ
325 1249 465 1308 ἐλθοῦσαν
479 1252 506 1310 ἐς
519 1247 585 1326 ὄψιν
598 1245 759 1306 Μιλτιάδεω
777 1248 956 1322 συμβουλεῦ-

156 1335 210 1394 σαί
221 1338 255 1405 οἱ,
271 1340 294 1395 εἰ
307 1337 371 1414 περὶ
384 1339 495 1394 πολλοῦ
514 1337 637 1394 ποιέεται
651 1334 749 1410 Πάρον
768 1337 849 1402 ἑλεῖν,
869 1333 904 1392 τά
922 1332 956 1394 ἂν

156 1422 228 1498 αῦτη
241 1422 380 1499 ὑποθῆται
394 1427 480 1482 ταῦτα
494 1423 606 1482 ποιέειν·
627 1421 699 1499 μετά
712 1421 749 1492 δέ,
760 1421 812 1496 τήν
824 1424 876 1498 μὲν
888 1419 955 1481 ῦπο-

157 1511 266 1580 θέσθαι,
280 1510 329 1570 τόν
342 1511 372 1570 δέ
386 1510 554 1587 άπικόμενον
567 1511 613 1570 ἐπὶ
625 1509 676 1570 τόν
690 1509 812 1569 κολωνόν
831 1508 881 1568 τόν
899 1509 955 1586 πρό

157 1602 206 1674 τῆς
227 1598 328 1662 πόλιος
349 1598 429 1659 ἐόντα
452 1598 485 1658 τό
505 1598 583 1675 ἔρκος
603 1596 784 1675 θεσμοφόρου
807 1596 956 1673 Δήμητρος

159 1685 390 1764 ὑπερθορέειν,οῦ
411 1687 560 1765 δυνάμενον
576 1686 626 1751 τάς
640 1685 724 1762 θὺρας
737 1684 853 1755 άνοῖξαι·
874 1684 956 1763 ὑπερ-

158 1774 277 1852 θορόντα
290 1775 319 1835 δέ
334 1777 402 1836 ἰέναι
416 1777 461 1836 ἐπὶ
474 1775 507 1836 τό
520 1776 644 1856 μέγαρον
663 1773 679 1835 ὅ
698 1800 726 1834 τι
744 1773 778 1850 δή
799 1773 956 1849 ποιήσοντα

157 1863 242 1935 ἐντός,
257 1865 310 1924 εἴτε
331 1863 481 1940 κινήσοντά
500 1890 528 1924 τι
547 1867 602 1924 τῶν
622 1861 757 1938 άκινὴτων
769 1862 824 1921 εἴτε
837 1860 853 1920 ὅ
865 1887 894 1920 τι
907 1861 953 1936 δή·

157 1977 225 2012 ποτε
240 1951 391 2030 πρήξοντα·
412 1951 483 2029 πρός
500 1956 568 2030 τῇσι
582 1951 687 2030 θὺρησί
703 1976 734 2010 τε
754 1950 893 2031 γενέσθαι,
907 1950 954 2008 καὶ

156 2039 278 2115 πρόκατε
291 2042 392 2118 φρίκης
405 2040 489 2100 αὑτόν
502 2039 687 2116 ὑπελθούσης,
698 2038 790 2099 ὀπίσω
803 2037 854 2114 τὴν
867 2035 954 2112 αὑτὴν

156 2127 223 2188 ὁδόν
244 2129 344 2189 ἵεσθαι·
373 2128 606 2205 καταθρώσκοντα
626 2127 656 2187 δέ
677 2126 729 2203 την
747 2125 883 2203 αἱμασιὴν
903 2123 954 2185 τόν

155 2215 246 2292 μηρόν
258 2217 433 2292 σπασθῆναι·
455 2219 481 2276 οἶ
494 2216 524 2276 δέ
537 2215 621 2276 αὐτόν
633 2213 666 2275 τά
680 2214 748 2296 γόνυ
758 2216 953 2290 προσπταῖσαι

112 2305 167 2362 135
178 2305 306 2384 λέγουσι.
348 2304 506 2381 Μιλτιάδης
523 2305 575 2380 μέν
597 2330 645 2364 νυν
664 2302 795 2379 φλαύρως
813 2303 882 2380 ἔχων
901 2300 953 2361 άπ-

157 2391 240 2450 έπλεε
260 2390 359 2461 ὀπίσω,
374 2390 437 2451 οὔτε
455 2391 587 2471 χρήματα
605 2389 779 2466 Ἀθηναίοισι
800 2389 875 2472 άγων
892 2389 956 2450 οῦτε

158 2477 257 2556 Πάρον
279 2481 537 2557 προσκτησάμενος,
561 2479 638 2539 άλλά
660 2478 854 2554 πολιορκήσας
874 2503 905 2537 τε
927 2478 958 2548 ἐξ

158 2566 204 2625 καὶ
223 2566 312 2625 εἴκοσι
329 2566 434 2644 ἡμέρας
452 2567 497 2625 καὶ
515 2567 636 2643 δηῖιόσας
648 2566 699 2641 τήν
713 2569 811 2642 νῆσον.
853 2565 957 2641 Πάριοι

157 2652 187 2712 δὲ
207 2653 358 2731 πυθόμενοι
377 2655 412 2718 ὥς
425 2655 444 2730 ἡ
457 2653 628 2730 ὑποζάκορος
640 2657 695 2714 τοῖν
709 2655 779 2714 θεῶν
792 2653 870 2730 Τιμιῦ
883 2658 958 2712 Μιλ·

157 2739 237 2820 τιάδη
256 2743 454 2823 κατηγήσατο,
482 2742 657 2819 βουλόμενοί
682 2767 731 2818 μιν
763 2740 825 2802 άντὶ
855 2740 959 2800 τούτων

157 2828 381 2907 τιμωρήσασθαι,
404 2829 576 2908 θεοπρόπους
598 2830 742 2908 πέμπουσι
766 2834 794 2894 ἐς
816 2827 959 2905 Δελφοὺς,

159 2916 194 2980 ὥς
214 2923 306 2993 σφεας
326 2918 432 2998 ἡσυχίη
445 2923 495 2995 τῆς
508 2919 672 2996 πολιορκίης
685 2919 762 2996 ἔσχε·
784 2919 908 2995 ἔπεμπον
928 2916 959 2976 δέ

158 3007 391 3082 ἐπειρησομένους
415 3010 440 3065 εἰ
463 3005 688 3084 καταχρήσονται
710 3006 761 3080 τὴν
787 3004 959 3083 ὑποζάκορον

157 3095 212 3149 τῶν
243 3093 313 3152 θειῦν
342 3092 377 3156 ὥς
407 3093 619 3174 ἐξηγησαμένην
647 3096 725 3152 τοῖσι
754 3094 883 3172 ἐχθροῖσι
909 3097 960 3169 τῆς

158 3179 291 3254 πατρίδος
312 3178 428 3250 ἅλωσιν,
451 3181 497 3238 καὶ
518 3179 554 3239 τά
576 3184 603 3242 ἐς
625 3180 725 3255 ἔρσενα
747 3179 832 3261 γόνον
853 3179 960 3258 όρρητα

159 3264 205 3339 lp&
219 3266 383 3341 ἐκφήνασαν
393 3267 546 3342 Μιλτιάδη·
567 3265 585 3338 ἡ
599 3266 629 3326 δέ
640 3267 733 3343 Πυθίη
748 3266 798 3328 οῦκ
812 3269 851 3341 ἔα,
866 3271 960 3341 φᾶσα,
