2282 3550
181 161 228 211 τιι
483 160 669 209 Ἧνοιοτοτ
900 159 995 227 [νεα

180 240 227 298 καὶ
259 238 374 316 Μάρων,
405 237 599 316 Ὀρσιφάντου
630 239 732 304 παῖδες.
776 243 920 303 Θεσπιέων
950 243 984 304 δὲ

180 327 319 404 εὐδοκίμεε
338 326 468 404 μάλιστα
487 330 527 408 τήν
546 325 651 405 οὔνομα
670 326 705 405 ἦν
719 329 904 408 Διθύραμβος
915 330 982 409 ιΛρ-

178 416 304 492 ματίδεω.

132 507 191 564 228
240 505 383 580 Θαφθεῖσι
396 505 429 565 δέ
439 509 497 582 σφι
511 504 599 565 αὐτοῦ
609 504 695 584 ταύτῃ
707 509 796 586 τῇπερ
810 508 919 576 ἔπεσον,
934 507 983 567 καὶ

179 596 256 652 τοῖσι
275 593 409 671 πρότερον
425 597 615 670 τελευτήσασι
637 593 656 671 ἣ
676 586 731 656 ὔπδ
753 595 893 655 Λεωνίδεω
912 594 983 654 άπα-

179 683 359 758 πεμφθέντας
380 683 517 764 οίχεσθαι,
542 684 743 762 ἐπιγέγραπται
765 681 917 764 γράμματα
936 683 984 744 λε’-

180 795 267 851 γοντα
278 770 355 830 τάδε·

262 884 382 947 Μυριάσιν
397 885 459 934 ποτέ
474 885 533 946 τῇδε
548 884 695 946 τριηκοσίαις
711 885 831 947 ἐμάχοντο

295 959 322 1006 έκ
338 958 527 1007 Πελοποννάσου
542 958 650 1019 χιλιάδες
666 959 770 1020 τέτορες.

180 1049 269 1105 ταῦτα
294 1047 346 1122 μὲν
373 1045 407 1121 δή
426 1048 504 1105 τοῖσι
523 1049 597 1104 πᾶσι
620 1047 829 1127 ἐπιγέγραπται·
854 1049 932 1106 τοῖσι
953 1045 985 1105 δέ

182 1134 377 1214 Σπαρτιήτῃσι
394 1134 458 1212 ἰδίῃ·

256 1239 288 1288 *Ω
304 1238 365 1301 ξεῖν’,
385 1242 517 1302 ἀγγέλλειν
533 1242 734 1300 Λακεδαιμονίοις,
748 1242 785 1289 ὅτι
802 1243 860 1303 τῇδε

294 1313 392 1372 κείμεθα
408 1314 457 1362 τοῖς
475 1314 555 1361 κείνων
569 1314 660 1376 ῥήμασι
677 1313 819 1371 πειθόμενα,

168 1401 425 1478 ,Λακεδαιμονίοισι
438 1405 490 1480 μὲν
504 1401 537 1477 δή
550 1404 643 1462 τοῦτο·
665 1405 703 1480 τῷ
716 1401 746 1460 δὲ
757 1400 848 1478 μάντι,
861 1401 937 1462 τάδε·

262 1507 353 1566 Μνῆμα
369 1507 425 1555 τόδε
442 1508 542 1555 κλεινοῖο
559 1507 692 1568 Μεγιστία,
711 1508 737 1554 δν
753 1524 814 1553 ποτε
830 1509 910 1567 Μῆδοι

294 1580 429 1640 Σπερχειὸν
445 1580 555 1637 ποταμὸν
566 1579 660 1626 κτεῖναν
677 1579 843 1641 ἀμειψάμενοι,

261 1651 365 1712 μάντιος,
385 1653 410 1700 ὃς
426 1651 483 1699 τότε
500 1652 573 1712 κῆρας
591 1652 753 1711 ἐπερχομένας
769 1652 839 1712 σάφα
856 1652 929 1711 είδὼς,

295 1725 337 1772 οὐκ
353 1725 414 1783 ἔτλη
430 1725 546 1787 Σπάρτης
563 1724 682 1784 ἡγεμόνας
698 1725 832 1786 προλιπεῖν.

182 1820 377 1904 ἐπιγράμμασι
396 1823 448 1900 μέν
468 1847 516 1882 νυν
538 1822 584 1879 καὶ
607 1821 742 1900 στήλῃσι,
772 1821 822 1890 ἔξω
842 1819 861 1897 ἢ
880 1821 913 1881 τά
933 1827 986 1882 τοῦ

180 1909 294 1988 μάντιος
320 1912 490 1990 ἐπίγραμμα,
519 1908 722 1986 ’Λμφικτυόνες
754 1910 812 1969 εἶσί
838 1910 931 1986 σφέας
958 1915 986 1970 οί

182 1998 431 2075 ἐπικοσμήσαντες·
472 1997 505 2057 τά
534 1998 564 2056 δὲ
590 2001 640 2057 τοῦ
670 1995 785 2074 μάντιος
814 1997 984 2078 Μεγιστίεω,

183 2087 335 2162 Σιμωνίδης
354 2085 370 2146 ά
391 2085 572 2163 Λεωπρέπεός
592 2090 655 2146 ἐστι
675 2084 746 2145 κατά
767 2085 869 2162 ξεινίην
889 2085 905 2146 ά
926 2091 985 2145 ε’πι-

181 2175 302 2254 γράψας.

135 2264 192 2321 229
243 2262 302 2322 Δύο
316 2263 345 2322 δὲ
363 2263 467 2322 τούτων
480 2267 535 2323 τῶν
550 2263 717 2339 τριηκοσίων
732 2261 845 2342 λέγεται
858 2260 986 2339 Εὔρυτόν

182 2351 279 2410 τεκαὶ
304 2349 518 2427 Ἀριστόδημον,
539 2349 643 2428 παρεὸν
664 2349 775 2410 αὐτοῖσι
795 2348 986 2426 ἀμφοτέροισι

183 2443 263 2517 κοινῷ
283 2437 359 2518 λόγῳ
379 2439 594 2515 χρησαμένοισι,
621 2436 640 2514 ἢ
660 2435 843 2514 άποσωθῆναι
863 2437 935 2514 ὁμοῦ
956 2443 986 2503 ἐς

183 2526 323 2604 Σπάρτην,
345 2526 381 2590 οἷς
401 2527 579 2604 μεμετιμένοι
598 2553 629 2586 τε
649 2525 724 2602 ἦσαν
745 2532 775 2586 ἐκ
795 2530 845 2586 τοῦ
866 2552 986 2604 στρατο-

181 2616 266 2675 πέδου
286 2614 341 2676 ιίπδ
362 2615 510 2684 Λεωνίδεω,
533 2614 579 2673 καὶ
600 2615 748 2674 κατεκέατο
769 2619 798 2673 ἐν
815 2613 986 2690 Ἀλπηνοῖσι

182 2703 395 2780 ὀφθαλμιῶντες
413 2708 440 2766 ἐς
458 2701 491 2762 τά
509 2706 640 2781 ἔσχατον·
661 2700 687 2778 ἦ,
703 2702 759 2782 εἴγε
775 2702 816 2779 μή
830 2701 987 2778 ἐβούλοντο

182 2795 329 2868 νοστῆσαι,
357 2791 521 2851 άποθανέειν
541 2789 600 2867 ἅμα
623 2793 699 2850 τοῖσι
727 2789 854 2849 άλλοισι·
880 2791 988 2868 παρεόν

182 2887 239 2956 σφι
258 2879 362 2940 τούτων
382 2878 418 2939 τά
443 2879 522 2955 ἔτερα
545 2879 657 2947 ποιέειν,
685 2877 735 2937 οὐκ
756 2879 891 2953 ἐθελῆσαι
918 2878 987 2956 ὄμο-

183 2968 319 3044 φρονέειν·
347 2966 425 3026 άλλά
444 2964 541 3046 γνάμῃ
562 2966 768 3044 διενειχθέντας,
789 2965 914 3042 Εὔρυτον
933 2970 988 3044 μὲν

182 3054 339 3130 πυθόμενον
351 3057 407 3114 τῶν
420 3054 554 3128 Περσέων
566 3052 619 3128 τήν
632 3053 769 3130 περίοδον,
786 3052 942 3128 αἰτήσαντά
954 3081 987 3116 τε

182 3140 218 3200 τά
244 3140 320 3200 ὅπλα
347 3141 393 3198 καὶ
420 3139 540 3212 ἐνδύντα,
563 3139 641 3220 άγειν
668 3139 753 3200 αὗτδν
776 3145 910 3200 κελεῦσαι
935 3144 988 3205 τᾶν

183 3227 283 3284 estana
303 3231 331 3288 ἐς
350 3225 415 3288 τούς
434 3227 618 3304 μαχομένους·
643 3226 712 3290 ὅκως
732 3227 762 3286 δέ
782 3227 866 3288 αάτδν
886 3229 986 3311 ήγαγε,

181 3313 231 3371 πὸν
245 3315 297 3387 μὲν
315 3311 457 3392 αἶγαγόντα
473 3312 602 3390 οἴχεσθαι
621 3313 770 3393 φεύγοντα,
789 3315 839 3374 τόν
856 3315 885 3373 δὲ
903 3320 986 3376 ἐσπε-
