2258 3568
579 45 586 62 .

171 117 203 165 28
479 115 662 166 ἯΡΟΔΟΤΟΤ
927 112 972 176 [V.

170 193 329 269 ἀπήλλαξε·
351 193 397 252 καὶ
419 191 607 273 Ἀγχιμολίου
632 194 686 253 είσὶ
706 193 796 270 ταφαὶ
813 195 864 268 τῆς
884 191 973 253 Ἀττι·

170 287 219 358 κῆς
246 280 433 360 Ἀλωπεκῆσι,
468 280 558 361 ἀγχοῦ
583 307 615 342 το
658 281 832 360 Ἡρακληίου
859 285 909 342 τοῦ
947 287 975 343 ἐν

122 372 160 429 64
171 370 358 450 Κυνοσάργεϊ.
401 369 483 428 Μετά
510 369 547 439 δέ,
569 369 783 447 Λακεδαιμόνιοι
811 370 884 447 μέζω
904 370 975 429 στό-

169 463 222 518 λον
235 459 397 521 στείλαντες
411 457 579 536 ἀπέπεμψαν
588 459 633 517 ἐπὶ
647 458 696 522 τάς
710 457 838 534 Ἀθήνας,
854 484 976 534 στρατη-

168 546 221 628 γάν
240 551 290 623 τῆς
310 549 445 624 στρατιῆς
463 544 649 616 ἀποδέξαντες·
666 547 793 623 βασιλέα
812 547 975 623 Κλεομένεα

168 635 217 696 τόν
230 635 453 712 Ἀναξανδρίδεω,
466 634 557 694 οὐκέτι
569 635 638 694 κατὰ
651 633 804 696 θάλασσαν
816 635 976 698 στείλαντες

168 723 245 784 ἀλλά
256 723 315 784 κατ’
329 723 452 802 ἤπειρον.
474 729 550 783 τοῖσι
565 725 594 784 δὲ
609 725 770 800 ἐσβαλοῦσι
783 728 809 786 ἐς
822 723 873 799 τῆν
887 723 975 783 Ἀττι-

169 813 220 889 κῆν
233 813 355 893 χώρηνῆ
367 818 422 873 τῶν
437 817 595 873 Θεσσαλῶν
610 813 694 876 ἶππος
705 815 801 890 πρώτη
811 813 974 890 προσέμιξε,

169 904 215 960 καὶ
229 901 261 962 οὗ
274 902 345 979 μετὰ
358 902 432 962 πολι)
448 901 591 979 ἐτράπετο·
616 902 664 962 καί
676 910 772 979 σφεων
789 905 891 962 ἔπεσον
905 901 974 979 ὖπέρ

168 992 376 1069 τεσσεράκοντα
392 991 499 1069 ἄνδρας,
515 994 541 1050 οἶ
556 991 584 1050 δὲ
598 991 805 1072 περιγενόμενοι
822 989 974 1049 ἀπαλλάσ-

107 1141 109 1146 ,
168 1106 254 1140 σοντο
268 1080 303 1144 ώς
317 1080 393 1160 εἶχον
408 1079 467 1144 ἰθδς
482 1080 527 1140 ἐπὶ
545 1080 717 1155 Θεσσαλίης.
761 1080 924 1156 Κλεομένης
944 1079 974 1138 δέ

168 1167 334 1247 ἀπικόμενος
352 1175 379 1233 ἐς
394 1169 426 1229 τό
441 1168 513 1228 ἄστυ
531 1168 589 1244 ἅμα
602 1166 755 1243 Ἀθηναίων
771 1171 847 1228 τοῖσι
868 1169 973 1243 βουλο-

167 1258 279 1334 μένοισι
293 1257 361 1316 εἶναι
376 1259 555 1333 ἐλευθέροισι,
571 1255 732 1333 ἐπολιόρκεε
749 1255 813 1319 τούς
825 1256 972 1334 τυράννους

123 1347 160 1405 65
170 1344 360 1426 ἀπεργμένους
380 1349 462 1424 ἐντῷ
483 1349 655 1426 Πελασγικῷ
668 1344 790 1426 [τείχεῖ].
823 1346 880 1404 Καὶ
896 1345 973 1404 οθδέν

167 1459 195 1492 τι
208 1433 317 1495 πάντως
336 1430 369 1492 ἂν
389 1435 496 1502 ἐξεῖλον
515 1433 579 1496 τοὺς
594 1434 830 1510 Πεισιστρατίδας
845 1437 871 1492 οἱ
885 1440 972 1494 Λακε-

168 1520 314 1598 δαιμόνιοι·
329 1522 459 1603 οὔτεγὰρ
474 1522 591 1598 ἐπέδρην
606 1521 731 1582 ἐπενόεον
745 1522 929 1598 ποιήσασθαι,
944 1524 974 1582 οἵ

167 1636 198 1669 τε
213 1611 447 1687 Πεισιστρατίδαι
465 1611 573 1670 σίτοισι
588 1611 633 1668 καὶ
647 1613 761 1670 ποτοῖσι
776 1609 805 1669 εὖ
818 1636 971 1688 παρεσκευ-

167 1698 263 1759 άδατο·
285 1698 529 1776 πολιορκήσαντές
541 1725 572 1758 τε
586 1697 620 1758 ἂν
633 1698 736 1776 ἡμέρας
755 1697 860 1779 ὀλίγας,
882 1698 971 1758 ἀπαλ-

168 1785 314 1847 λάσσοντο
335 1793 362 1850 ἐς
382 1787 434 1864 τῆν
458 1787 600 1864 Σπάρτην
626 1791 674 1846 νῦν
692 1787 720 1845 δὲ
740 1789 875 1864 συντυχίη
895 1791 971 1848 τοῖσι

167 1877 218 1952 μὲν
229 1876 299 1952 κακῆ
311 1877 463 1956 ἐπεγένετο,
475 1880 551 1936 τοῖσι
566 1876 594 1934 δέ
607 1875 626 1952 ῆ
642 1875 711 1951 αὐτῆ
726 1874 795 1950 αὕτη
807 1875 968 1955 σύμμαχος·

167 1963 374 2043 ὑπεκτιθέμενοι
397 1965 452 2046 γάρ
476 1965 526 2034 ἔξω
549 1968 600 2040 τῆς
621 1965 713 2042 χώρης
740 1967 767 2023 οἱ
793 1964 889 2026 παῖδες
916 1970 971 2024 τῶν

169 2054 424 2132 Πεισιστρατιδέων
454 2052 579 2129 ἥλωσαν·
620 2056 702 2111 τοῦτο
731 2052 760 2111 δέ
789 2052 824 2114 ώς
852 2050 969 2132 ἐγένετο,

167 2141 258 2202 πάντα
282 2141 371 2202 αὐτῶν
391 2141 426 2201 τοὶ
450 2140 602 2221 πρήγματα
629 2140 857 2216 συνετετάρακτο·
886 2141 970 2218 παρέ-

167 2256 279 2305 στησαν
287 2231 317 2289 δὲ
328 2231 373 2288 ἐπὶ
381 2231 475 2307 μισθῷ
482 2233 559 2288 τοῖσι
566 2229 688 2288 τέκνοισι
698 2228 739 2287 ἐπ’
748 2229 807 2288 οἶσι
815 2228 969 2304 ἐβούλοντο

167 2321 193 2377 οἱ
210 2318 363 2394 Ἀθηναῖοι,
380 2316 451 2377 ὥστε
473 2322 501 2377 ἐν
522 2317 604 2377 πέντε
624 2317 746 2395 ἡμέρῃσι
765 2322 922 2396 ἐκχωρῆσαι
941 2324 970 2378 ἐκ

167 2411 217 2481 τῆς
227 2405 367 2482 Ἀττικῆς·
384 2407 456 2483 μετά
470 2407 507 2476 δέ,
524 2405 699 2484 ἐξεχώρησαν
714 2411 740 2469 ἐς
752 2407 862 2486 Σίγειον
876 2406 909 2466 τό
924 2409 970 2467 ἐπὶ

166 2499 204 2573 τῷ
221 2493 400 2574 Σκαμάνδρῳ·
422 2493 552 2572 ἄρξαντες
567 2497 619 2571 μὲν
634 2493 787 2569 Ἀθηναίων
805 2494 846 2554 ἐπ’
861 2499 921 2554 ἐτεα
941 2498 972 2567 ἐξ

167 2609 198 2642 τε
226 2585 271 2642 καὶ
298 2582 454 2661 τριήκοντα,
483 2582 572 2646 ἐόντες
599 2583 628 2641 δέ
656 2583 702 2642 καὶ
730 2581 806 2643 οὗτοι
836 2583 970 2646 ἀνέκαθεν

168 2671 274 2730 Πύλιοί
291 2698 321 2731 τε
343 2673 388 2730 καὶ
412 2671 558 2748 Νηλεΐδαι,
582 2676 612 2730 ἐκ
633 2675 688 2730 τῶν
711 2671 802 2732 adrem
823 2673 970 2753 γεγονότες

167 2762 213 2820 καὶ
234 2764 260 2820 οἶ
280 2761 355 2838 ἀμφὶ
373 2760 483 2837 Κόδρον
504 2787 535 2820 τε
549 2761 594 2819 καὶ
611 2759 771 2832 Μέλανθον,
787 2762 813 2821 οἳ
831 2761 967 2840 πρότερον

167 2849 301 2926 ἐπήλυδες
315 2849 411 2920 ἐόντες,
427 2849 554 2930 ἐγένοντο
576 2849 720 2924 Αθηναίων
734 2849 882 2926 βασιλέες.
923 2852 970 2911 ἐπὶ

166 2937 265 2997 τούτου
286 2939 378 2998 δὲκαὶ
396 2937 483 2996 τώυτὸ
501 2935 607 3013 οὔνομα
626 2936 857 3014 ἀπεμνημόνευσε
874 2938 969 2999 Ἱππο-

167 3026 268 3102 κράτης
289 3031 328 3105 τῷ
345 3026 422 3084 παιδὶ
437 3025 545 3094 θέσθαι,
559 3024 608 3084 τδν
623 3027 841 3104 Πεισίστρατον,
859 3025 906 3086 ἐπὶ
918 3034 968 3088 τοί

166 3113 312 3190 Νέστορος
331 3112 540 3190 Πεισιστράτου
557 3113 717 3190 ποιεύμενος
733 3116 785 3191 τῆν
803 3117 968 3192 ἐπωνυμίην.

167 3201 237 3262 οὕτω
257 3204 309 3278 μέν
328 3201 471 3278 Ἀθηναῖοι
488 3200 626 3278 τυράννων
645 3201 886 3283 ἀπαλλάχθησαν·
912 3203 969 3264 ὅσα

168 3291 198 3350 δέ
211 3289 437 3366 ἐλευθερωθέντες
457 3289 537 3366 ἔρξαν
553 3287 571 3363 ῆ
588 3289 691 3350 ἔπαθον
709 3288 841 3371 ἀξιόχρεα
859 3292 968 3370 ἀπηγή-
