2276 3554
147 175 287 238 τοτε-ιιι]
494 175 606 223 υΡιυιι.
900 177 944 222 101

148 256 218 332 ἔχων
238 253 294 315 οἷπδ
310 259 360 315 τοῦ
374 257 502 316 οἰκιστέω
515 261 565 332 τῆς
577 247 764 333 Χερσονήσου
777 255 947 314 Μιλτιάδεω·

146 340 339 426 [Μιλτιάδης]Ι
383 343 473 407 Οὗτος
500 345 533 420 δή
562 344 599 405 ὧν
625 343 689 404 τότε
715 343 731 404 ό
758 341 923 419 Μιλτιάδης,
937 345 1004 408 104.

146 430 220 506 ἥκων
241 436 272 490 ἐκ
292 436 343 507 τῆς
363 433 548 509 Χερσονήσου
570 434 616 492 καὶ
638 430 813 513 ἐκπεφευγῶς
830 431 948 491 διπλόον

147 519 276 590 θάνατον,
298 522 467 604 ἐστρατήγεε
488 521 650 597 Ἀθηναίων.
692 518 751 597 ἅμα
771 522 823 597 μὲν
845 519 900 596 γάρ
921 522 948 579 οἱ

146 607 272 671 Φοίνικες
293 607 376 669 αῦτδν
398 612 424 668 οἱ
445 609 634 678 ἐπιδιώξαντες
653 609 738 686 μέχρι
746 607 870 686 Ἴμβρου
883 608 947 686 περὶ

146 699 260 755 πολλοῦ
287 700 429 756 ἐποιεῦντο
449 698 552 773 λαβεῖν
574 723 605 756 τε
629 697 675 755 καὶ
699 695 848 777 ἀναγαγεῖν
870 695 947 774 παρά

145 785 282 860 βασιλέα,
297 783 355 860 ἅμα
374 785 403 844 δὲ
425 789 581 867 ἐκφυγόντα
602 811 634 844 τε
652 783 766 846 τούτους
785 783 830 842 καὶ
851 783 947 843 α’πικό-

145 899 230 944 μενον
250 878 277 936 ἐς
296 873 347 950 τήν
366 876 474 942 ἐωυτοῦ,
489 873 620 932 δοκέοντά
632 899 663 932 τε
684 871 753 932 εἶναι
773 877 802 931 ἐν
816 873 947 952 σωτηρίῃ,

145 959 199 1036 ήδη
212 960 246 1020 τῦ
261 962 386 1020 ἐνθεῦτέν
399 987 446 1037 μιν
461 965 487 1019 οἶ
502 961 597 1040 ἐχθροὶ
610 959 810 1037 ὑποδεξάμενοι
827 961 873 1018 καὶ
892 960 947 1020 ῦπῦ

116 1049 327 1126 *δικαστήριον
337 1049 421 1108 αι’·τόν
434 1048 593 1130 ἀγαγόντες,
604 1049 715 1118 ἐδίωξαν
727 1049 886 1125 τυραννίδος
899 1053 949 1124 τῆς

147 1143 175 1196 ἐν
188 1138 372 1217 Χερσονήσῳ·
395 1136 550 1218 ἀποφυγών
564 1138 593 1196 δὲ
607 1138 653 1196 καὶ
662 1136 777 1198 τούτους
791 1136 949 1216 στρατηγός

146 1225 217 1284 οὕτω
231 1223 385 1300 Ἀθηναίων
399 1225 548 1305 ἀπεδέχθη,
563 1226 681 1303 αἱρεθεὶς
694 1224 748 1284 ῦπδ
762 1228 812 1283 τοῦ
826 1222 924 1300 δήμου.

188 1315 246 1371 Καὶ
260 1318 357 1390 πράσα
370 1316 429 1391 μὲν,
445 1314 534 1377 ἐόντες
548 1316 586 1374 ἔτι
600 1319 629 1374 ἐν
641 1318 680 1393 τῷ
693 1312 782 1380 ἄστεϊ,
797 1316 824 1372 οἱ
840 1338 925 1390 στρα-
939 1317 994 1373 105

144 1403 227 1482 τηγοὶ
241 1401 444 1479 ἀποπέμπουσι
458 1407 484 1465 ἐς
499 1402 630 1480 Σπάρτην
643 1401 747 1479 κήρυκα
758 1401 947 1478 Φειδιππιδην,

144 1489 296 1566 Ἀθηναῖον
315 1493 366 1567 μὲν
381 1489 466 1567 ἄνδρα
484 1490 578 1554 άλλως
599 1492 628 1550 δέ
648 1489 840 1567 ήμεροδρόμον
858 1517 888 1550 τε
903 1492 948 1549 καὶ

144 1581 230 1637 τοῦτο
245 1583 415 1655 μελετῶντα·
436 1584 474 1658 τῷ
488 1579 530 1655 δή,
549 1579 584 1642 οῖς
602 1578 684 1642 αῦτός
697 1606 728 1639 τε
746 1581 824 1660 ἐλεγε
837 1579 947 1638 Φειδιπ-

144 1667 228 1742 πίδης
239 1667 285 1724 καὶ
297 1665 473 1742 Ἀθηναίοισι
487 1667 660 1748 ἀπήγγελλε,
671 1669 734 1746 περὶ
748 1667 780 1727 τό
792 1668 948 1744 Παρθένιον

145 1753 228 1832 οὖρος
246 1754 279 1814 τό
298 1755 367 1832 ῦπέρ
381 1757 484 1836 Τεγέης
505 1755 600 1816 άΠοὶν
620 1756 788 1832 περιπίπτει·
810 1755 947 1831 βώσαντα

145 1842 176 1901 δὲ
196 1843 230 1902 τά
252 1843 357 1920 οὕνομα
377 1847 427 1902 τοῦ
445 1844 627 1903 Φειδιππίδεω
646 1843 695 1903 τόν
714 1848 805 1913 Πᾶνα,
819 1842 946 1919 Ἀθηναί-

146 1956 206 1990 οισι
235 1935 367 1990 κελεῦσαι
394 1930 565 2013 άπαγγεῖλαι
592 1932 661 1993 διότι
689 1935 787 1991 ἑωυτοῦ
818 1929 948 2009 οὐδεμίαν

146 2021 309 2096 ἐπιμέλειαν
326 2025 467 2080 ποιεῦνται
486 2020 578 2084 ἐόντος
599 2020 676 2081 εῦνου
697 2019 880 2096 Ἀθηναίοισι,
903 2020 948 2078 καὶ

145 2112 284 2186 πολλαχῆ
302 2109 452 2190 γενομένου
471 2108 524 2184 ήδη
546 2109 634 2184 σφίσι
655 2107 854 2187 χρησίμου,τᾶ
872 2107 894 2167 δ’
909 2109 948 2168 ἐτι

146 2198 193 2255 καὶ
215 2197 360 2272 ἐσομένου.
404 2198 449 2255 καὶ
465 2201 553 2256 ταῦτα
566 2199 617 2274 μὲν
630 2196 773 2273 Ἀθηναῖοι
795 2197 946 2257 καταστάν-

144 2311 200 2344 των
225 2286 314 2360 σφίσι
337 2284 366 2344 εὖ
388 2285 441 2360 ἤδη
467 2289 522 2345 τῶν
549 2285 718 2367 πρηγμάτων
745 2284 946 2348 πιστεύσαντες

146 2373 217 2434 εἶναι
242 2373 357 2449 ἀληθέα,
384 2372 532 2450 ἱδρύσαντο
555 2372 609 2432 ῦπό
634 2377 670 2452 τῇ
694 2372 832 2450 ἀκροπόλι
851 2373 946 2436 Πανός

146 2463 206 2539 ἱρόν
229 2463 275 2520 καὶ
295 2461 379 2522 αὐτόν
401 2461 456 2521 άπῦ
478 2461 579 2538 ταύτης
600 2466 651 2538 τῆς
672 2460 804 2544 ἀγγελίης
828 2463 945 2540 θυσίῃσι

146 2553 288 2629 ἐπετείησι
306 2552 351 2609 καὶ
368 2551 495 2627 λαμπάδι
513 2550 685 2611 ἱλάσκονται.
721 2551 791 2610 Τότε
812 2550 841 2608 δὲ
859 2576 927 2626 πεμ-
938 2553 994 2609 106

146 2641 228 2713 φθεὶς
241 2639 296 2698 ῦπῦ
310 2644 364 2699 τῶν
381 2644 546 2720 στρατηγῶν
563 2639 578 2699 ὁ
596 2639 775 2715 Φειδιππίδης
795 2637 883 2708 οὗτος,
902 2636 948 2697 ὅτε

144 2728 197 2803 πέρ
214 2731 240 2786 οἱ
255 2730 310 2803 ἐφη
325 2729 371 2786 καὶ
384 2727 433 2787 τόν
447 2733 530 2786 Πᾶνα
545 2733 674 2804 φανῆναι,
686 2728 840 2804 δευτεραῖος
855 2732 884 2786 ἐκ
897 2730 947 2785 τοῦ

144 2813 299 2892 Ἀθηναίων
321 2814 421 2878 άστεος
439 2815 473 2892 ἦν
492 2821 520 2876 ἐν
535 2817 659 2896 Σπάρτῃ·
681 2816 847 2893 άπικόμενος
860 2817 889 2875 δὲ
903 2815 947 2873 ἐπὶ

144 2903 210 2966 τοῦς
232 2902 370 2983 ἄρχοντας
391 2905 479 2985 ἔλεγε·
502 2905 549 2963 “ὦ
566 2904 786 2981 Λακεδαιμόνιοι,
804 2903 946 2980 Ἀθηναῖοι

144 2989 236 3066 ῦμέων
264 2991 375 3052 δέονταί
398 2999 486 3067 σφισι
509 2995 655 3070 βοηθῆσαι
679 2994 725 3052 καὶ
748 2994 787 3070 μή
814 2993 945 3070 περιϊδεῖν

145 3080 232 3140 πόλιν
262 3080 450 3160 ἀρχαιοτάτην
480 3088 508 3142 ἐν
539 3086 615 3141 τοῖσι
637 3081 764 3156 Ἕλλησι
791 3080 947 3154 δουλοσύνῃ

145 3174 357 3246 περιπεσοῦσον
370 3169 440 3246 πρός
454 3169 558 3245 ἀνδρῶν
572 3169 736 3244 βαρβάρων·
759 3167 804 3223 καὶ
823 3166 879 3242 γάρ
900 3167 948 3220 νῦν

145 3255 276 3334 Ἐρέτριά
289 3283 320 3316 τε
333 3257 560 3334 ἠνδραπόδισται,
576 3257 620 3312 καὶ
640 3254 708 3310 πόλι
728 3251 832 3326 λογίμη
851 3249 947 3320 ήἘλ-

146 3347 199 3407 λάς
218 3347 318 3426 γέγονε
336 3341 551 3419 άσθενεστέρη.”
593 3341 676 3412 ὁμὲν
696 3336 730 3408 δή
751 3340 807 3405 σφι
824 3332 859 3387 ’ἃ
877 3337 947 3388 ‘'¹¹⁷‘’

159 3430 252 3487 sse‘)
