2282 3550
150 147 292 214 ιιι-ιιι]
473 125 659 201 nomm.
908 157 952 204 ιιι

451 226 633 252 ‹tvn
712 229 800 250 Α)

148 227 290 308 ούδαμούς
306 229 423 306 μέζονας
443 254 534 304 υμεων
587 256 617 288 ιο.
674 256 761 290 ταυτα
781 228 955 295 ακούσαντας

146 315 293 400 Ἀργείους
316 319 428 396 λέγεται
450 320 567 398 πρῆγμα
589 317 775 394 ποιήσασθαι,
797 319 843 377 καὶ
865 345 954 395 παρα-

146 409 245 484 χρῆμα
263 407 315 482 μέν
334 405 411 464 οἰδὲν
430 406 691 486 ἐπαγγελλομένους
710 406 872 482 μεταιτέειν·
894 407 954 467 ε’πεὶ

147 493 180 554 δέ
197 501 291 568 σφεας
313 493 549 570 παραλαμβάνειν
568 494 633 557 τούς
647 493 800 570 Ἕλληνας,
819 494 889 555 οὕτω
910 495 952 572 δὴ,

147 583 349 659 ἐπισταμένους
367 581 411 640 ὅτι
429 580 462 641 ου’
479 580 676 659 μεταδώσουσι
694 586 743 658 τῆς
760 581 849 661 ἀρχῆς
865 591 952 644 Λακε-

146 670 294 747 δαιμόνιοι,
316 671 476 748 μεταιτέειν,
505 670 549 731 ἵνα
573 671 621 728 ε’πὶ
646 669 808 747 προφάσιος
830 671 952 752 ἡσυχίην

146 758 246 840 ἄγωσι.
284 762 443 835 Συμπεσεῖν
453 759 483 818 δὲ
491 758 618 818 τούτοισι
632 759 677 818 καὶ
690 757 770 818 τάνδε
782 760 832 818 τόν
845 760 932 840 λόγον
942 762 996 820 151

145 847 268 928 λέγουσί
292 873 363 910 τινες
389 845 542 922 Ἑλλήνων,
566 850 704 906 πολλοῖσι
732 847 806 906 ἔτεσι
833 847 949 922 ὕστερον

145 935 296 1015 γενόμενον
309 933 420 994 τούτων·
441 939 536 1014 τυχεῖν
550 941 578 996 έν
593 934 731 998 Σούσοισι
746 938 822 994 τοῖσι
842 942 950 1010 λίεμνο-

145 1023 231 1084 νίοισι
258 1023 354 1087 ε’άντας
380 1024 474 1100 έτέρου
500 1023 663 1105 πρήγματος
693 1025 784 1083 εἵνεκα
813 1022 950 1104 α’γγέλους

145 1111 307 1189 Ἀθηναίων,
319 1113 452 1188 Καλλίην
464 1139 495 1172 τε
508 1112 557 1172 τὸν
569 1111 731 1172 Ἱππονίκου
745 1113 790 1170 καὶ
803 1111 867 1174 τούς
878 1112 949 1187 μετά

143 1201 244 1262 τούτου
265 1200 435 1278 ἀναβάντας·
455 1200 599 1283 Ἀργείους
620 1202 658 1270 δὲ,
676 1201 725 1260 τὸν
746 1199 830 1260 αὐτὸν
850 1203 949 1260 τοῦτον

143 1290 246 1369 χρόνον
265 1291 429 1369 πέμψαντας
446 1290 491 1348 καὶ
509 1290 622 1353 τούτους
642 1294 669 1351 ε’ς
688 1291 784 1352 Σοῦσα
802 1287 947 1368 άγγέλους,

144 1383 259 1457 εἰρωτᾶν
272 1378 456 1457 Ἀρταξέρξαι
472 1378 521 1438 τάν
537 1379 646 1455 Ξέρξεω
664 1379 688 1437 εἶ
705 1385 761 1454 σφι
779 1380 819 1438 ἔτι
838 1379 947 1456 ἐμμένει

142 1467 195 1544 τήν
205 1468 276 1545 πρός
290 1469 395 1544 Ξέρξεα
406 1468 506 1544 φιλίην
516 1466 748 1544 συνεκεράσαντο,
759 1466 778 1543 ἢ
788 1469 946 1543 νομιζοίατο

142 1557 213 1633 πρύς
227 1555 313 1616 αύτοῦ
328 1556 396 1615 εἶναι
410 1557 559 1633 πολέμιοι;
580 1556 708 1631 βασιλέα
721 1553 750 1612 δὲ
763 1554 947 1632 Ἀρτοξέρξεα

142 1644 271 1721 μάλιστα
285 1645 411 1722 ε’μμένειν
423 1642 519 1720 φάναι,
530 1645 575 1702 καὶ
589 1642 719 1720 ούδεμίαν
729 1644 848 1719 νομίζειν
861 1643 946 1703 πόλιν

139 1732 258 1814 Ἀργεος
279 1733 456 1810 φιλιωτέρην.
498 1737 534 1792 El
553 1733 605 1809 μέν
623 1759 670 1792 νυν
690 1732 794 1809 Ξέρξης
812 1757 842 1791 τε
860 1730 993 1794 dvi-152

143 1831 237 1899 πεμψε
247 1825 334 1882 ταῦτα
344 1822 464 1902 λέγοντα
477 1822 583 1897 κήρυκα
594 1825 621 1884 ἐς
630 1818 742 1900 Ἄργος,
755 1821 801 1878 καὶ
813 1818 946 1899 Ἀργείων

141 1909 260 1990 άγγελοι
273 1907 427 1985 άναβάντες
441 1913 468 1972 ές
485 1912 583 1972 Σοῦσα
597 1908 749 1986 έπειριύτων
761 1907 945 1985 Ἀρτοξέρξεα

128 2000 205 2076 ’περὶ
230 1999 334 2074 φιλίης,
360 1997 409 2056 ούκ
438 1998 491 2076 ἔχω
514 1995 647 2074 ἀτρεκέως
671 2001 765 2057 εἰπεῖν·
794 1994 859 2056 ούδέ
883 2023 944 2056 τινα

139 2087 253 2168 γνώμην
267 2087 329 2163 περὶ
345 2085 434 2145 αὐτῶν
448 2085 642 2162 ἀποφαίνομαι
658 2086 749 2162 άλλην
762 2111 795 2167 γε
809 2083 827 2161 ἢ
841 2085 944 2163 τήνπερ

139 2175 220 2234 αὐτοὶ
246 2173 369 2254 Ἀργεῖοι
395 2174 523 2255 λέγουσι.
570 2173 735 2256 [ἐπίσταμαι
759 2175 788 2234 δὲ
814 2178 943 2244 τοσοῦτο,

138 2263 191 2333 ὅτι,
215 2268 240 2324 εἰ
263 2263 363 2326 πάντες
383 2261 524 2340 ἅνθρωποι
543 2263 580 2323 τά
604 2264 694 2338 οῑκήῖα
715 2262 786 2322 κακά
807 2267 835 2326 ές
854 2265 944 2340 μέσον

138 2352 324 2411 συνενείκαιεν
346 2344 527 2421 ἀλλάξασθαι
548 2350 720 2428 βουλόμενοι
741 2355 818 2412 τοῖσι
839 2354 942 2428 πλησί·

138 2465 206 2510 οισι,
222 2439 391 2522 ἐγκύψαντες
404 2437 437 2498 ἂν
451 2445 478 2502 ές
493 2438 528 2499 τά
542 2444 601 2498 τῶν
609 2441 697 2503 πέλας
711 2439 782 2499 κακά
795 2439 943 2504 α’σπασίως

139 2529 255 2588 ἔκαστοι
274 2526 363 2588 αύτῶν
375 2526 566 2605 α’ποφεροίατο
584 2527 674 2588 ὀπίσω
691 2528 727 2588 τά
747 2527 941 2612 ε’σενείκαντο·]

138 2617 209 2676 οὕτω
226 2617 261 2693 δὴ
275 2615 324 2676 ούκ
336 2615 491 2698 Ἀργείοισι
510 2618 647 2696 αἴσχιστα
661 2618 819 2694 πεποίηται·
842 2615 895 2697 ε’γιύ
912 2617 942 2676 δὲ

137 2705 246 2780 ὀφείλω
268 2705 361 2786 λέγειν
380 2705 417 2764 τά
437 2704 584 2787 λεγόμενα,
607 2706 756 2765 πείθεσθαί
774 2731 807 2786 γε
831 2702 888 2781 μὴν
909 2703 942 2764 ού

136 2793 303 2853 παντάπασι
316 2793 432 2870 ὀφείλω·
454 2794 502 2853 καί
517 2820 566 2871 μοι
582 2798 666 2854 τοῦτο
681 2794 715 2854 τά
732 2795 797 2856 ἔπος
813 2793 898 2871 ε’χέτω
914 2796 942 2855 ές

136 2881 230 2943 πάντα
249 2882 299 2944 τάν
319 2883 415 2964 λόγον·
436 2883 496 2941 ε’πεὶ
517 2885 563 2942 καὶ
582 2886 669 2942 ταῦτα
689 2883 810 2962 λέγεται,
833 2880 868 2943 ὦς
887 2879 941 2956 ἄρα

136 2969 260 3052 Ἀργεῖοι
281 2971 355 3048 ἦσαν
377 2975 404 3030 οἱ
426 2971 658 3048 ἐπικαλεσάμενοι
681 2969 731 3029 τὸν
755 2970 871 3044 Πέρσην
896 2969 941 3026 ε’πὶ

136 3059 189 3136 τήν
200 3059 337 3129 Ἐλλάδα,
352 3059 445 3134 ἐπειδή
464 3066 520 3135 σφι
538 3059 608 3136 πρύς
625 3058 689 3120 τούς
707 3057 941 3131 Λακεδαιμονίους

138 3153 227 3210 κακῶς
250 3147 269 3224 ἡ
293 3148 381 3227 αἰχμὴ
406 3146 528 3222 ἑστήκεε,
550 3150 607 3205 πᾶν
630 3144 664 3219 δὴ
689 3142 862 3220 βουλόμενοί
884 3149 940 3215 σφι

137 3236 208 3295 εἶναι
224 3235 280 3313 πρό
296 3240 345 3311 τῆς
361 3235 521 3312 παρεούσης
536 3235 638 3305 λύπης.
679 3230 715 3288 τά
733 3235 785 3305 μὲν
800 3231 863 3304 περὶ
875 3229 938 3304 Ἀρ-

136 3324 219 3454 γεῐίων
233 3324 349 3400 εἴρηται.

145 3406 250 3454 1.-15
