2282 3550
94 85 141 136 270
401 84 583 132 Ἥνοιοιοο
803 81 893 145 [v111.

92 161 249 240 α’νθριόπων,
260 168 315 225 τῶν
328 163 408 240 ἡμεῖς
421 162 508 239 ἴδμεν,
517 161 691 240 Σπαρτιῆται
701 163 895 240 προέπεμψαν.

46 253 102 311 125
111 251 160 314 Ὡς
173 241 246 310 δέιέκ
259 255 309 327 τῆς
319 251 527 328 Λακεδαίμονος
540 252 656 310 ἀπίκετο
667 255 694 313 ἐς
707 249 757 312 τάς
765 248 895 325 Ἀθήνας,

94 341 212 400 ἐνθαῦτα
226 339 386 416 Τιμόδημος
399 338 569 415 Ἀφιδναῖος,
583 342 638 399 τοῖν
658 339 765 446 ἐχθρῶν
776 340 828 414 μὲν
840 343 895 399 τῶν

92 428 348 505 Θεμιστοκλέος’
335 454 393 498 εων,
422 427 516 492 άλλως
543 428 573 488 δὲ
600 426 633 487 οὐ
659 431 714 486 τῶν
741 428 895 502 ἐπιφανέων

91 515 205 594 ανδρῶν,
227 515 323 596 φθόνῳ
345 516 543 598 καταμαργέων
570 515 669 576 ἐνείκεε
688 515 738 575 τόν
758 521 894 592 Θεμιστο-

92 604 220 679 κλέα,
183 631 236 681 την
256 610 283 668 ἐς
299 604 493 682 Λακεδαίμονα
512 603 606 674 ἄπιξιν
624 603 818 681 προφέρων,
797 631 833 668 ως
849 596 894 664 διά

91 719 141 756 τας
156 692 307 770 Αθήνας”
293 719 352 772 εχοι
367 719 403 752 τα
420 693 503 774 γέρεα
518 719 554 752 τα
570 719 647 770 παρα
638 691 891 768 Λακεδαιμονίων,

92 780 157 840 ἀλλ’
171 782 204 842 οὔ
222 783 255 841 δι’
273 781 382 842 ἐωυτόν·
404 781 419 842 ό
436 781 474 851 δέ,
489 781 551 840 ἐπεί
565 807 597 840 τε
611 779 660 840 οὐκ
677 779 793 840 ἐπαύετο
806 785 894 842 ταῦτα

91 870 213 952 λέγωνό
231 870 398 946 Τιμόδημος,
418 869 487 929 εἶπε·
508 868 607 930 ’(οῧτω
629 870 686 948 ἔχει
707 895 760 928 τοι·
782 867 838 928 οὔτ’
860 869 888 929 δι

91 959 153 1040 ἐγιδ,
169 959 220 1019 ε’ὢν
236 960 412 1035 Βελβινίτης,
434 955 567 1034 ἐτιμήθην
583 956 654 1017 οὕτω
670 956 740 1033 πρδς
756 957 893 1034 Σπαρτιη

90 1047 168 1108 τέων·
188 1045 246 1107 οὔτ’
259 1044 295 1106 ἂν
309 1047 354 1116 σύ,
370 1045 507 1122 ὦνθρωπε,
525 1045 577 1107 ἐιδν
592 1042 766 1120 Ἀθηναῖος.”
806 1049 892 1105 ταῦτα

91 1135 143 1210 μέν
156 1162 205 1196 νυν
218 1141 245 1199 ἐς
258 1139 378 1195 τοσοῦτο
394 1135 509 1215 ἐγένετο.

47 1225 101 1280 126
152 1221 326 1300 Ἀρτάβαζος
347 1223 377 1282 δὲ
398 1221 415 1282 ό
436 1221 601 1298 Φαρνάκεος,
622 1221 691 1299 ἀνὴρ
713 1226 742 1282 ἐν
761 1223 894 1302 Πέρσησι

91 1311 209 1392 λόγιμος
223 1312 269 1370 καὶ
282 1311 392 1388 πρόσθε
406 1310 465 1380 ἐιδν,
481 1315 510 1368 ἐκ
530 1311 560 1369 δὲ
576 1313 631 1370 τῶν
650 1315 830 1370 Πλαταιῖκῶν
848 1312 893 1369 καὶ

90 1403 204 1474 μᾶλλον
226 1401 266 1460 ἐτι
290 1399 445 1480 γενόμενος,
470 1400 539 1477 ἔχων
562 1398 592 1466 ἐξ
613 1399 747 1475 μυριάδας
770 1405 893 1476 στρατοῦ

91 1485 141 1546 τόν
155 1486 314 1564 Μαρδόνιος
328 1487 481 1557 ἐξελέξατο,
494 1487 657 1562 προέπεμπε
670 1487 797 1563 βασιλέα
809 1487 894 1566 μέχρι

91 1578 142 1633 τοῦ
155 1573 252 1652 πόρου·
274 1574 310 1638 οἷς
323 1574 352 1634 δέ
365 1574 381 1634 ὁ
394 1578 446 1650 μὲν
461 1574 496 1648 ἦν
515 1581 543 1633 ἐν
561 1577 596 1652 τῇ
609 1573 734 1652 Ἀσίῃ,ό
752 1574 782 1633 δέ
801 1573 894 1635 ὀπίσω

90 1662 275 1740 πορευόμενος
292 1662 362 1723 κατά
380 1662 431 1738 τήν
446 1662 602 1738 Παλλήνην
621 1663 733 1744 ἐγίνετο,
748 1661 796 1722 ἅτε
812 1669 893 1740 Μαρ-

91 1750 183 1812 δονίου
216 1778 247 1813 τε
279 1753 483 1832 χειμερίζοντος
509 1752 573 1828 περὶ
600 1751 764 1826 Θεσσαλίην
789 1776 820 1810 τε
848 1753 894 1811 καὶ

91 1840 275 1917 Μακεδονίην,
290 1842 336 1899 καὶ
350 1839 428 1900 οὐδέν
446 1867 483 1898 κω
503 1840 713 1921 κατεπείγοντος
730 1839 806 1915 ἥκειν
819 1844 847 1903 ἐς
859 1841 893 1900 τό

91 1927 166 1988 ἄλλο
180 1928 378 2006 στρατόπεδον,
393 1927 442 1987 οὐκ
457 1929 584 1997 ἐδικαίου,
599 1928 720 2006 ἐντυχεῖν
733 1927 894 1989 ἀπεστεῶσι

92 2016 305 2096 Ποτιδαιήτῃσι,
319 2014 360 2094 μή
375 2015 424 2075 οὐκ
439 2009 732 2093 ἐξανδραποδίσασθαί
742 2023 843 2091 σφεας·
867 2021 894 2078 οἶ

90 2105 145 2184 γοὶρ
163 2105 355 2180 Ποτιδαιῆται,
371 2103 406 2168 ὥς
420 2104 560 2180 βασιλεδς
576 2104 800 2182 παρεξεληλάκεε
818 2105 864 2164 καὶ
877 2106 894 2166 ὁ

90 2193 217 2256 ναυτικὰς
233 2197 310 2253 τοῖσι
331 2195 463 2273 Πέρσησι
484 2192 597 2272 οἶχάκεε
618 2193 728 2274 φεύγων
748 2197 778 2252 ἐκ
800 2196 894 2258 Σαλα-

90 2284 177 2356 μῖνος,
202 2286 232 2340 ἐκ
258 2285 309 2340 τοῦ
333 2286 456 2359 φανεροῦ
482 2281 649 2341 ἐπέστασαν
671 2281 727 2340 άπδ
746 2286 801 2342 τιῖν
821 2284 894 2360 βαρ-

90 2369 196 2445 βάρων·
218 2367 254 2432 ὣς
267 2369 296 2428 δὲ
310 2371 356 2428 καὶ
375 2369 464 2430 ὧλλοι
483 2373 509 2429 οἷ
524 2369 576 2445 τήν
597 2369 755 2446 Παλλήνην
773 2371 893 2448 ἔχοντες.

92 2458 209 2516 ἐνθαῦτα
223 2457 257 2534 δή
271 2456 286 2517 ὁ
300 2456 476 2535 Ἀρτάβαζος
492 2457 653 2535 ἐπολιόρκεε
665 2459 717 2535 τήν
731 2458 892 2534 Ποτιδαίην.

46 2546 303 2610 127Ὺποπτεόσας
327 2547 356 2606 δέ
384 2548 428 2606 καὶ
448 2547 513 2610 τούς
532 2545 697 2610 Ὀλυνθίους
717 2545 895 2606 ἀπίστασθαι

89 2632 146 2694 οἷπδ
172 2637 325 2711 βασιλέος,
349 2635 394 2694 καὶ
420 2635 523 2711 ταίνιην
551 2634 720 2712 ἐπολιόρκεε·
759 2635 836 2714 εἶχον
863 2636 895 2695 δέ

91 2721 176 2798 αὐτήν
194 2727 336 2784 Βοττιαῖοι
357 2726 384 2782 οἶ
405 2727 435 2782 ἐκ
455 2727 505 2783 τοῦ
519 2722 660 2800 Θερμαίου
677 2722 784 2782 κόλπου
798 2724 892 2792 ἐξανα·

90 2811 207 2874 στάντες
219 2811 274 2871 ὗπδ
289 2811 465 2872 Μακεδόνων·
487 2813 547 2870 ἐπεὶ
561 2811 592 2870 δέ
600 2818 693 2887 σφεας
708 2811 765 2870 εἷλε
778 2817 894 2888 πολιορ-

89 2899 165 2971 κέων,
182 2895 342 2975 κατέσφαξε
357 2900 500 2980 ἐξαγαγών
516 2905 543 2963 ἐς
562 2901 673 2976 λίμνην·
694 2899 746 2976 τὴν
765 2900 794 2959 δέ
806 2899 896 2961 πόλιν

90 2986 238 3061 παραδιδοῖ
257 2987 445 3098 Κριτοβουλω
466 2988 645 3066 Τορωναίῳ’
633 2987 828 3066 επιτροπεόειν,
847 2990 895 3049 καὶ

89 3097 128 3148 τῳ
115 3074 353 3152 Χαλκιδικῷ’
318 3083 400 3155 γενεί·
423 3076 469 3132 καὶ
490 3073 560 3134 οὕτω
576 3074 720 3136 Ολυνθον
740 3076 896 3141 Χαλκιδέες

45 3159 205 3236 128εσχον
246 3159 367 3230 Ἐξελων
381 3161 410 3219 δέ
423 3160 554 3237 ταύτηνό
567 3161 743 3240 Ἀρτάβαζος
756 3190 791 3242 τῃ
778 3167 895 3222 Ποτι-

90 3243 183 3320 δαίῃ’
170 3249 350 3321 εντεταμένως
369 3252 513 3327 προσεῖχε·
534 3252 706 3329 προσέχοντι
726 3251 802 3311 δε
776 3277 804 3312 οι
824 3277 895 3330 προ-
