2276 3554
205 133 235 177 ου
498 127 681 178 *ανοαοτου
943 125 1002 188 [v1.

203 207 377 284 προπλώσας
390 206 440 266 οῦκ
454 208 485 266 ἐα
500 206 550 269 τὰς
569 207 632 268 νέας
647 203 718 282 πρός
736 204 788 281 τήν
808 207 897 281 νῆσον
915 232 1004 283 προσ-

203 297 376 373 ορμίζεσθαι,
401 293 479 354 ἀλλὰ
505 295 593 371 πέρην
616 299 645 354 ἐν
668 297 704 373 τῇ
725 293 839 372 Ῥηνέη·
866 293 950 358 αὐτός
975 296 1005 356 δέ

203 384 358 461 πυθόμενος
373 383 417 442 ἶνα
430 381 504 459 ἦσαν
518 386 545 443 οἱ
559 382 669 459 Δήλιοι,
684 383 800 459 πέμπων
813 381 919 459 κήρυκα
939 382 1005 464 ήγό·

203 473 267 549 ρευέ
284 479 339 548 σφι
358 471 433 530 τάδε·
455 470 576 547 “ι’ίνδρες
594 471 657 546 ἱροὶ,
675 471 705 530 τί
723 469 874 552 φεύγοντες
890 471 1005 550 οἴχεσθε

204 560 254 619 οῦκ
273 560 402 636 ἐπιτηδέα
424 559 605 641 καταγνόντες
627 558 685 619 κατ’
705 562 787 636 ἐμεῦ;
810 558 864 639 ἐγώ
882 557 937 640 γόρ
959 562 1005 620 καὶ

203 647 286 711 αῦτός
299 649 344 707 ἐπὶ
356 646 478 707 τοσοῦτό
496 673 529 728 γε
545 649 661 724 φρονέω,
677 648 726 707 καί
743 673 792 724 μοι
813 651 844 706 ἐκ
864 649 1006 724 βασιλέος

203 734 255 795 ὦδε
269 737 447 806 ἐπέσταλται,
461 740 490 795 ἐν
502 733 521 815 ᾗ
534 736 612 816 χαίρῃ
625 739 652 795 οἱ
666 735 715 796 δύο
729 735 788 795 θεοὶ
802 736 928 815 ἐγένοντο
941 737 1005 797 ταῦ·

202 851 253 901 την
273 825 359 902 μηδὲν
379 825 517 894 σίνεσθαι,
539 824 610 902 μήτε
632 823 718 900 αὐτὴν
739 823 791 899 τήν
814 823 908 902 χαίρην
932 826 1005 902 μήτε

201 912 267 977 τοῦς
291 913 435 990 οἰκήτορας
459 913 552 989 αὐτῆς.
594 917 642 974 νῦν
665 911 701 972 ιῦν
725 913 771 972 καὶ
794 911 875 972 ἄπιτε
899 915 946 974 ἐπὶ
968 915 1005 976 τὰ

204 1000 323 1080 ῦμέτερα
336 1001 427 1062 αὐτῶν
440 1001 486 1060 καὶ
499 1002 550 1078 τήν
563 1005 651 1077 νῆσον
665 999 810 1078 νέμεσθε.”
850 1005 939 1062 ταῦτα
951 1007 1005 1082 μὲν

203 1089 441 1167 ἐπεκηρυκεύσατο
454 1093 531 1149 τοῖσι
542 1091 686 1166 Δηλίοισι·
707 1089 778 1166 μετὰ
791 1089 828 1163 δὲ,
843 1091 1005 1165 λιβανωτοῦ

201 1177 350 1255 τριηκόσια
367 1177 493 1237 τάλαντα
513 1177 671 1254 κατανήσας
689 1179 735 1236 ἐπὶ
752 1182 802 1237 τοῦ
821 1179 922 1254 βωμοῦ
943 1182 1003 1240 ε’θυ-
1060 1245 1071 1262 ⁹

155 1269 193 1324 98
201 1267 297 1342 μίησε.
340 1270 427 1328 Δᾶτις
450 1269 502 1343 μὲν
525 1266 559 1342 δή
582 1271 671 1326 ταῦτα
695 1265 817 1342 ποιήσας
841 1267 924 1326 ἐπλεε
944 1268 1004 1346 ἅμα

200 1358 238 1433 τῷ
257 1358 369 1434 στρατῷ
385 1356 431 1414 ἐπὶ
447 1354 499 1429 τήν
511 1354 655 1432 Ἐρέτριαν
674 1358 779 1432 πριῦτα,
793 1353 852 1431 ἅμα
867 1353 1005 1436 ἀγόμενος

202 1443 248 1500 καὶ
261 1441 359 1505 ’Ίωνας
381 1443 427 1500 καὶ
449 1444 576 1506 Αἰολέας.
618 1442 689 1520 μετὰ
710 1442 740 1502 δὲ
760 1447 860 1519 τοῦτον
879 1445 1005 1507 ἐνθεῦτεν

202 1530 396 1609 ἐξαναχθέντα,
419 1534 516 1606 Δῆλος
534 1531 653 1607 ἐκινήθη,
675 1530 710 1595 ὦς
730 1532 827 1613 ἔλεγον
845 1535 871 1591 οἱ
891 1531 1003 1609 Δήλιοι,

202 1619 248 1676 καὶ
268 1622 365 1696 πρῶτα
385 1619 432 1677 καὶ
451 1617 559 1678 ὕστατα
573 1618 669 1700 [μέχρι
683 1623 748 1697 ἐμεῦ
762 1620 935 1702 aewestan}
957 1623 1003 1682 καὶ

200 1711 284 1766 τοῦτο
307 1708 359 1785 μέν
386 1734 435 1766 κου
462 1708 543 1785 τέρας
567 1707 740 1785 ἀνθρώποισι
763 1712 818 1768 τῶν
841 1709 1005 1785 μελλόντων

201 1796 319 1855 ἐσεσθαι
339 1800 430 1854 κακῶν
451 1797 536 1874 ἔφηνε
549 1795 564 1854 ὁ
579 1795 651 1858 θεός·
673 1797 719 1856 ἐπὶ
737 1795 792 1877 γὰρ
812 1799 933 1874 Δαρείου
953 1803 1004 1858 τοῦ

199 1883 378 1947 Ὑστάσπεος
398 1885 443 1942 καὶ
457 1884 566 1961 Ξέρξεω
585 1887 635 1942 τοῦ
650 1885 769 1961 Δαρείου
790 1885 836 1943 καὶ
856 1883 1004 1964 Ἀρταξέρ-

201 1972 252 2040 ξεω
278 1976 328 2032 τοῦ
354 1973 470 2050 Ξέρξεω,
498 1975 582 2048 τριιῦν
608 1973 726 2031 τουτέων
754 1973 853 2048 ἐπεξῆς
878 1975 1002 2054 γενεέων,

202 2061 310 2140 ἐγένετο
328 2062 405 2120 πλέω
425 2060 496 2118 κακὰ
514 2062 550 2138 τῇ
570 2059 720 2136 Ἑλλόδιῆ
742 2062 787 2120 ἐπὶ
806 2062 895 2121 ε’ίκοσι
911 2060 1004 2127 ὅλλας

199 2148 296 2228 γενεοὶς
309 2149 359 2211 τὰς
372 2149 426 2225 πρό
442 2150 561 2225 Δαρείου
582 2150 741 2230 γενομένας·
762 2150 798 2208 ταὶ
811 2151 863 2226 μὲν
876 2149 932 2210 α’πὸ
948 2156 1004 2212 τῶν

200 2236 334 2312 Περσέων
355 2236 425 2315 αὐτῇ
442 2236 584 2318 γενόμενα,
599 2236 634 2296 τό
648 2237 678 2296 δὲ
691 2235 738 2296 ἀπ’
751 2235 842 2298 αὐτῶν
854 2241 909 2298 τῦν
923 2265 1003 2316 κορυ·

200 2324 291 2398 φαίων
312 2325 376 2401 περὶ
397 2330 447 2400 τῆς
471 2324 561 2404 ἀρχῆς
584 2324 786 2402 πολεμεόντων.
829 2326 899 2386 οὕτω
924 2326 1003 2388 οὐδὲν

198 2410 234 2486 ἦν
247 2410 336 2474 ἀεικὲς
349 2414 493 2488 κινηθῆναι
506 2417 605 2489 Δῆλον
617 2412 650 2473 τό
664 2413 730 2490 πρὶν
744 2417 848 2473 ἐοῦσαν
862 2415 1002 2491 α’κίνητον·

200 2500 246 2558 καὶ
263 2503 292 2558 ἐν
310 2505 430 2580 χρησμῷ
446 2499 480 2576 ἦν
496 2501 689 2581 γεγραμμένον
705 2500 769 2577 περὶ
787 2501 872 2578 αὐτῆς
888 2500 949 2562 ὦδε·

292 2605 391 2664 Κινήσω
408 2606 448 2653 καὶ
465 2607 551 2664 Δῆλον,
571 2606 681 2663 ἀκίνητόν
697 2623 743 2668 περ
762 2606 854 2654 ἐοῦσαν.

200 2689 313 2749 δύναται
333 2691 363 2750 δέ
384 2690 454 2750 κατα
467 2689 594 2748 Ἑλλάδα
608 2695 746 2770 γλῶσσαν
759 2697 847 2752 ταῦτα
867 2693 903 2752 τό
924 2693 1002 2755 οῦνό-

198 2803 282 2854 ματα,
306 2783 425 2855 Δαρεῖος
447 2779 544 2856 ἐρξίης,
567 2780 672 2855 Ξέρξης
693 2779 797 2856 α’ρήϊος,
816 2779 1002 2859 Ἀρταξέρξης

198 2865 286 2946 μέγας
301 2865 406 2943 ἀρήϊος·
427 2867 542 2929 τούτους
554 2870 606 2942 μὲν
619 2867 653 2942 δή
666 2867 731 2930 τοῦς
743 2869 885 2944 βασιλέας
899 2868 951 2929 ὧδε
969 2871 1002 2932 ἂν

198 2952 287 3027 ὀρθῶς
309 2953 379 3012 κατοῖ
400 2958 538 3035 γλῶσσαν
558 2953 610 3030 τήν
632 2957 775 3034 σφετέρην
791 2955 932 3033 Ἕλληνες
954 2985 1002 3018 κα-

200 3040 300 3099 λέοιεν.

152 3129 189 3187 99
241 3131 277 3185 Οί
294 3128 323 3186 δὲ
339 3128 486 3205 βάρβαροι
503 3127 539 3192 ιῦς
555 3129 665 3208 όπῇραν
682 3136 711 3190 ἐκ
729 3137 780 3208 τῆς
796 3133 895 3210 Δήλου
912 3163 1002 3213 προσ-

199 3215 282 3291 ίσχον
308 3214 378 3290 πρός
403 3215 453 3277 τὰς
478 3215 590 3290 νήσους·
611 3219 736 3279 ἐνθεῦτεν
757 3220 786 3279 δέ
814 3224 951 3299 στρατιήν
971 3253 1003 3286 τε

198 3301 420 3378 παρελάμβανον
442 3303 488 3360 καὶ
508 3302 629 3380 ὁμήρους
650 3309 705 3366 τῶν
726 3309 882 3382 νησιωτέων
900 3311 1003 3378 παῖδας
