2276 3554
169 128 314 192 11-1-119]
522 123 633 176 ΕΡΑΤΩ.
926 129 972 180 1⁰7

168 204 275 269 πάθεος
291 203 401 282 ἤκουσα
418 204 525 265 τοιόνδε
538 205 601 266 τινὰ
614 204 711 286 λόγον·
732 205 817 282 ἄνδρα
830 207 857 265 αἱ
871 205 975 266 δοκέειν

168 293 291 370 ὁπλίτην
304 292 468 368 ἀντιστῆναι
480 294 570 374 μέγαν
582 292 676 353 τοῦτό
690 293 795 373 γένειον
804 292 857 368 την
867 293 974 353 ἀσπίδα

168 385 266 441 πᾶσαν
292 379 423 451 σκιάζειν,
446 381 478 440 τό
501 381 531 463 δέ
559 381 663 457 φάσμα
688 385 771 440 τοῦτο
798 381 897 441 ἐωυτάν
922 383 974 458 μὲν

167 470 359 546 παρεξελθεῖν,
373 467 424 528 τάν
442 468 471 527 δέ
488 471 588 528 ἑωυτοῦ
606 468 789 546 παραστάτην
802 467 972 530 ἀποκτεῖναι·

165 562 257 616 ταῦτα
270 559 322 633 μὲν
336 556 370 632 δη
384 555 538 632 Ἐπίζηλον
552 556 694 632 ἐπυθόμην
708 558 810 636 λέγειν.

210 649 299 708 Δᾶτις
322 645 352 704 δέ
373 644 559 722 πορευόμενος
581 643 639 720 ἅμα
659 649 698 723 τῳ
719 650 831 724 στρατῷ
851 651 879 708 ἐς
901 645 953 722 τὴν
965 649 1021 707 118

164 731 270 808 Ἀσίην
288 733 350 792 ἐπεί
363 758 394 792 τε
411 733 520 813 ἐγένετο
540 737 569 792 ἐν
587 732 716 812 Μυκόνῳ,
737 733 791 792 εἶδε
807 732 873 811 ὄψιν
890 739 926 794 ἐν’
936 738 974 814 τῷ

164 819 252 900 ὕπνῳ·
275 821 322 880 καὶ
340 820 401 896 ἥτις
419 823 471 898 μὲν
488 819 524 896 ἦν
539 820 558 896 ἡ
576 819 647 899 ὄψις,
662 820 695 880 ov’
713 822 835 902 λέγεται·
856 821 924 892 όδὲ,
939 822 974 886 ὥς

164 908 259 985 ἡμέρη
271 908 395 988 τάχιστα
406 910 560 987 ἐπέλαμψε,
573 909 689 985 ζήτησιν
699 910 822 968 ἐποιέετο
832 914 886 970 τῶν
896 915 972 970 νεῶν·

166 995 254 1073 εάριδν
267 997 297 1056 δέ
312 1003 342 1056 ἐν
355 997 496 1074 Φοινίσσῃ
507 999 552 1073 νηῒ
562 996 677 1078 άγαλμα
686 996 867 1060 Ἀπόλλωνας
877 1025 971 1077 κεχρυ-

165 1086 303 1162 σωμένον,
318 1084 486 1144 ἐπυνθάνετο
500 1085 597 1145 ὁκόθεν
611 1085 806 1162 σεσυλημένον
817 1086 872 1161 εἴης
888 1086 971 1147 πυθό-

164 1198 249 1248 μενος
260 1174 291 1232 δέ
301 1173 333 1243 ἐξ
343 1171 375 1232 οὗ
388 1171 424 1248 ἦν
439 1176 507 1250 ἱροῦ,
522 1174 604 1231 ἔπλεε
614 1177 650 1251 τῇ
661 1176 761 1232 ἑωυτοῦ
772 1173 817 1248 νηῒ
828 1178 855 1235 ἐς
866 1177 972 1249 Δῆλον,

165 1262 212 1319 καὶ
229 1261 351 1320 ἀπίκατο
367 1261 423 1342 γάρ
441 1265 592 1336 τηνικαῦτα
610 1263 637 1320 οἶ
657 1260 760 1336 Δήλιοι
774 1259 866 1320 ὀπίσω
880 1266 907 1324 ἐς
919 1261 972 1338 τὴν

164 1353 263 1424 νῆσον,
287 1349 466 1408 κατατίθεταί
483 1375 514 1408 τε
536 1354 563 1412 ἐς
585 1348 619 1409 τὸ
642 1348 701 1426 ἱρδν
728 1349 761 1408 τὸ
788 1347 904 1431 ἄγαλμα
925 1351 971 1409 καὶ

164 1439 329 1496 ἐντέλλεται
346 1441 423 1497 τοῖσι
441 1437 576 1512 Δηλίοισι
592 1437 749 1519 ἀπαγαγεῖν
762 1437 794 1496 τό
814 1436 929 1519 άγαλμα
943 1444 970 1502 ἐς

164 1525 276 1599 Δήλιον
285 1526 318 1586 τά
333 1525 475 1601 Θηβαίων·
495 1523 528 1584 τδ
543 1524 566 1584 δ’
581 1526 642 1583 ἔστι
656 1527 701 1583 ἐπὶ
715 1525 849 1604 θαλάσση
863 1527 969 1586 Χαλκί-

163 1613 211 1676 δος
234 1615 389 1674 καταντίον.
433 1617 520 1677 Δᾶτις
539 1616 592 1691 μέν
616 1613 650 1689 δὴ
670 1618 758 1673 ταῦτα
781 1614 970 1690 ἐντειλάμενος

162 1701 299 1762 ἀπέπλεε.
340 1700 391 1762 τάν
404 1702 434 1760 δὲ
447 1700 596 1778 ἀνδριάντα
607 1705 707 1761 τοῦτον
721 1701 825 1776 Δήλιοι
836 1700 885 1760 οὐκ
899 1701 968 1778 ἀπή-

161 1816 261 1870 γαγον,
281 1789 360 1848 ἀλλά
375 1815 424 1866 μιν
437 1788 471 1848 δι’
490 1790 571 1848 ἐτέων
588 1790 677 1849 εἴκοσι
695 1791 819 1865 Θηβαῖοι
840 1788 918 1849 αὐτοὶ
939 1795 968 1849 ἐκ

163 1879 337 1954 θεοπροπίου
354 1879 522 1954 ἐκομίσαντο
541 1878 586 1936 ἐπὶ
604 1877 718 1952 Δήλιον.
761 1877 832 1939 Τυῦς
847 1877 877 1936 δέ
893 1883 948 1937 τῶν
959 1881 1015 1938 119

161 1964 325 2042 Ἐρετριέων
346 1965 617 2042 ἀνδραποδισμένους
642 1966 728 2028 Δᾶτίς
748 1991 780 2025 τε
802 1965 847 2023 καὶ
870 1963 967 2042 Ἀρτα-

163 2055 268 2130 φέρνης
285 2054 320 2118 ὥς
336 2055 501 2133 προσέσχον
519 2059 546 2116 ἐς
565 2052 617 2128 τήν
630 2053 730 2129 Ἀσίην
749 2054 889 2122 πλέοντες,
904 2053 967 2130 ἀνή-

162 2168 253 2223 γαγον
281 2148 308 2205 ἐς
330 2143 436 2206 Σοῦσα·
465 2140 605 2217 βασιλεῦς
628 2141 657 2199 δὲ
681 2145 807 2218 Δαρεῖος,
832 2143 896 2218 πρὶν
915 2145 966 2218 μὲν

163 2230 360 2308 αἰχμαλώτους
379 2231 512 2310 γενέσθαι
531 2229 595 2292 τούς
615 2229 778 2307 Ἐρετριέας,
801 2232 889 2309 ἐνεῖχέ
911 2238 967 2306 σφι

163 2317 253 2378 δεινόν
274 2319 371 2396 χόλον,
393 2317 439 2376 οἶα
460 2317 600 2394 ἀρξάντων
622 2317 728 2393 ἀδικίης
751 2319 892 2396 προτέρων
912 2324 967 2380 τῶν

161 2405 333 2482 Ἐρετριέων·
355 2407 417 2464 ἐπεί
432 2433 463 2465 τε
480 2405 508 2464 δέ
527 2405 583 2464 εἶδέ
601 2413 693 2482 σφεας
708 2405 885 2484 ἀπαχθέντας
901 2407 966 2485 παρ’

163 2493 265 2554 έωυτόν
283 2496 329 2552 καὶ
342 2494 517 2572 ὑποχειρίους
531 2497 620 2572 ἑωυτῷ
633 2494 734 2568 ἐόντας,
751 2497 866 2570 ἐποίησε
881 2495 966 2556 κακόν

162 2581 237 2641 ἀλλο
252 2581 339 2653 οὐδέν,
355 2582 432 2640 ἀλλά
450 2589 542 2658 σφεας
560 2587 610 2658 τῆς
628 2585 752 2659 Κισσίης
768 2585 859 2662 χώρης
876 2585 964 2646 κατοί-

162 2697 226 2729 κισε
244 2669 274 2729 έν
293 2671 411 2748 σταθμῷ
430 2674 529 2728 ἑωυτοῦ
542 2675 581 2748 τῷ
595 2669 778 2748 οὔνομάέστι
792 2671 961 2748 Ἀρδέρικκα,

161 2757 217 2817 ἀπδ
235 2761 287 2835 μὲν
307 2759 422 2821 Σούσων
438 2757 504 2816 δέκα
523 2759 569 2816 καὶ
583 2759 739 2834 διηκοσίους
755 2760 885 2822 σταδίους
899 2759 964 2820 α’πέ-

160 2871 249 2925 χοντι,
257 2845 466 2922 τεσσεράκοντα
476 2846 505 2904 δέ
515 2845 570 2905 ἀπό
582 2851 631 2906 τοῦ
643 2847 763 2924 φρέατος
770 2849 803 2906 τὸ
814 2849 965 2927 παρέχεται

159 2935 315 3010 τριφασίας
338 2934 419 2997 ἰδέας·
448 2936 493 2994 καὶ
513 2935 568 3015 γάρ
590 2933 741 3011 ἄσφαλτον
762 2938 808 2994 καὶ
829 2936 898 3000 άλας
920 2938 965 2995 καὶ

161 3030 256 3088 ἔλαιον
271 3029 446 3105 ἀρύσσονται
460 3029 491 3099 ἐξ
504 3029 589 3088 αὐτοῦ
599 3030 692 3108 τρόπῳ
703 3032 805 3108 τοιῷδε·
821 3031 964 3090 ἀντλέεται

160 3119 212 3194 μὲν
221 3119 371 3196 κηλωνηίῳ·
389 3117 451 3177 ἀντὶ
460 3119 490 3176 δέ
500 3122 616 3199 γαυλοῦ,
630 3117 719 3191 ἥμισυ
732 3117 823 3174 ἀσκοῦ
837 3122 863 3173 οἱ
877 3142 963 3190 προσ·

161 3205 276 3264 δέδεται·
316 3205 461 3281 ὑποτύψας
488 3205 518 3262 δὲ
544 3203 632 3278 τούτῳ
660 3200 769 3258 ἀντλέει
796 3200 841 3254 καὶ
870 3201 964 3254 ἔπειτα

161 3293 254 3376 ἐγχέει
275 3297 303 3355 ἐς
323 3289 484 3367 δεξαμενήν·
506 3295 536 3346 ἐκ
557 3287 586 3344 δὲ
603 3284 704 3356 ταύτης
721 3287 748 3341 ἐς
766 3280 840 3336 ἄλλο
858 3279 964 3352 διαχεό-
