2282 3550
185 143 232 191 ιιι
385 115 387 122 '
493 137 676 189 Ἧκοιουοι
716 107 725 120 ”
903 136 981 200 [vn.

134 218 234 280 237τό
254 215 360 294 παρεόν
379 220 476 294 τριῦμα
494 215 657 276 ἅνιεῦνται.”
697 215 864 294 Ἀμείβεται
877 213 984 294 Ξέρξης

182 306 286 366 τοῖσδε·
311 315 329 340 “
337 304 508 384 Ἀχαίμενες,
524 303 552 364 εῦ
573 306 606 365 τέ
623 331 674 382 μοι
694 305 796 368 δοκέεις
814 306 914 386 λέγειν,
936 307 984 366 καὶ

181 394 291 470 ποιήσω
309 397 405 454 ταῦτα.
449 392 617 470 Δημάρητος
629 394 659 453 δέ
672 393 750 474 λέγει
767 395 819 470 μὲν
831 393 867 452 τό
880 392 983 470 ι’ίριστα

183 483 298 542 ἔλπεται
314 479 384 542 εἶναι
399 483 469 559 ἐμοὶ,
483 481 580 562 γνώμη
595 483 691 559 μέντοι
704 485 839 541 ἑσσοῦται
852 481 906 542 ῦπό
919 487 983 541 σεῦ·

183 569 216 630 οῦ
229 570 284 652 γαρ
298 569 333 646 δή
347 568 421 631 κεῖνό
432 595 466 651 γε
480 569 631 647 ἐνδέξομαι
646 568 715 633 ὅκως
729 568 778 628 οῦκ
793 568 894 630 εῦνοέει
906 573 985 629 τοῖσι

183 663 277 735 ἐμοῖσι
295 658 544 739 πρήγμασιτοῖσί
559 685 590 717 τε
607 658 787 738 λεγομένοισι
804 656 940 735 πρότερον
953 663 985 716 ἐκ

182 747 282 808 τούτου
297 745 506 823 σταθμώμενος,
520 746 617 825 καὶτῷ
632 745 711 815 ἐόντι,
726 745 770 805 ὅτι
783 745 919 822 πολιήτης
931 749 985 823 μὲν

182 834 305 915 πολιήτῃ
315 833 344 894 εὖ
354 833 514 913 πρήσσοντι
527 835 649 910 φθονέει,
664 834 710 892 καὶ
724 835 784 893 ἐστι
797 833 937 910 δυσμενής
946 838 984 913 τῇ

182 928 262 1004 σιγή·
277 922 333 984 οὐδ’
347 920 389 993 ἂν,
400 923 667 999 συμβουλευομένου
677 925 727 982 τοῦ
738 921 835 992 ἀστοῦ,
846 921 969 997 πολιήτη

181 1010 252 1090 ἀνήρ
270 1013 306 1073 τὰ
321 1010 423 1090 ἄριστοί
442 1015 468 1071 οἶ
489 1012 620 1071 δοκέοντα
637 1011 706 1072 εἶναι
722 1010 878 1081 ῦποθέοιτο,
898 1016 922 1070 εἰ
942 1013 984 1087 μή

181 1101 280 1178 πρόσω
300 1100 399 1178 α’ρετῆς
419 1098 525 1176 ἀνήκοι·
547 1099 660 1160 σπάνιοι
683 1099 705 1160 δ’
727 1100 782 1159 εἶσὶ
803 1101 830 1158 οἱ
849 1099 983 1159 τοιοῦτοι·

182 1189 270 1258 ξεῖνος
297 1190 327 1249 δὲ
354 1189 431 1269 ξείνῳ
453 1187 482 1248 εὖ
504 1189 667 1266 πρήσσοντί
691 1193 754 1248 ἐστι
782 1187 985 1265 εὐμενέστατον

182 1278 300 1348 πάντων,
319 1278 586 1354 συμβουλευομένου
600 1303 632 1336 τε
649 1276 684 1337 ἂν
702 1275 928 1352 συμβουλεύσειε
946 1275 985 1336 τό

182 1365 293 1441 ἄριστα·
311 1365 383 1425 οὕτω
397 1364 435 1426 ὧν
448 1367 616 1446 κακολογίης
625 1366 689 1442 πέρι
702 1368 752 1440 τῆς
766 1369 793 1427 ἐς
804 1363 983 1441 Δημάρητον,

183 1453 275 1518 ἐόντος
288 1455 350 1531 ἐμοὶ
363 1454 461 1526 ξείνου,
476 1454 594 1532 ἔχεσθαί
604 1480 666 1514 τινα
675 1457 726 1512 τοῦ
739 1456 842 1512 λοιποῦ
856 1452 984 1512 κελεῦω.”

134 1544 193 1601 238
234 1545 327 1600 Ταῦτα
345 1542 422 1604 εἶπας
440 1542 545 1618 Ξέρξης
559 1541 660 1618 διεξήῖε
678 1541 723 1601 δωὶ
736 1545 791 1602 τών
804 1544 914 1618 νεκρῶν·
937 1543 985 1601 καὶ

181 1631 329 1701 Λεωνιδεω,
343 1630 467 1706 ἀκηκοώς
481 1630 524 1690 ὅτι
531 1630 671 1708 βασιλεύς
683 1655 714 1690 τε
726 1629 762 1707 ἦν
770 1630 815 1688 καὶ
824 1629 985 1710 στρατηγός

182 1719 413 1796 Λακεδαιμονίων,
429 1719 559 1778 ἐκέλευσε
577 1717 772 1796 ἀποταμόντας
788 1716 840 1793 τήν
854 1717 985 1794 κεφαλήν

182 1807 406 1885 ἀνασταυρῶσαι.
429 1806 502 1882 δῆλό
515 1833 564 1883 μοι
580 1811 719 1866 πολλοῖσι
735 1808 786 1884 μέν
803 1806 849 1864 καὶ
865 1803 983 1866 ἄλλοισι

181 1896 366 1975 τεκμηρίοισι,
381 1899 409 1954 ἐν
422 1895 452 1953 δὲ
466 1894 556 1970 δήκαὶ
569 1895 636 1972 τῷδε
650 1893 699 1953 οῦκ
708 1894 811 1970 ἥκιστα
822 1894 929 1974 γέγονε,
940 1893 983 1954 ὅτι

166 2050 168 2054 ,
179 1983 322 2062 βασιλεῦς
331 1983 436 2060 Ξέρξης
443 1982 553 2042 πόντων
561 1983 595 2059 δή
605 1981 734 2059 μάλιστα
741 1981 846 2058 α’νδριῦν
855 1982 985 2060 ἐθυμώθη

182 2071 278 2142 ζώοντι
291 2072 423 2150 Λεωνίδη·
445 2069 478 2130 οῦ
491 2071 546 2152 γὰρ
561 2070 595 2130 ἅν
608 2097 671 2130 κοτε
685 2075 712 2134 ἐς
725 2069 774 2130 τόν
787 2068 884 2146 νεκρόν
894 2073 985 2128 ταῦτα

181 2160 369 2237 παρενόμησε·
391 2161 451 2219 ἐπεὶ
463 2164 548 2236 τιμᾶν
560 2159 688 2236 μάλιστα
707 2158 852 2236 νομίζουσι
864 2161 918 2217 τῶν
929 2153 985 2238 ἐγώ

182 2247 244 2306 οἶδα
261 2246 411 2325 ἀνθρώπων
425 2248 536 2324 Πέρσαι
550 2247 650 2323 ἄνδρας
665 2245 787 2329 ἅγαθοῦς
799 2243 835 2306 τό
848 2244 983 2322 πόλεμια.

182 2339 209 2394 οἱ
221 2338 273 2412 μὲν
286 2335 320 2411 δή
334 2340 421 2395 ταῦτα
432 2337 540 2396 ἐποίευν
553 2339 630 2398 τοῖσι
644 2337 808 2394 ἐπετέτακτο
821 2334 931 2394 ποιέειν.

134 2426 191 2484 239
229 2422 340 2500 Ἀνειμι
354 2424 383 2482 δέ
396 2427 486 2483 ἐκεῖσε
503 2427 553 2483 τοῦ
572 2421 668 2503 λόγου,
682 2427 719 2502 τῇ
734 2449 783 2500 μοι
799 2421 831 2482 τό
848 2421 985 2498 πρότερον
1060 2451 1067 2464 ·

184 2511 303 2581 ἐξέλιπε.
359 2511 493 2571 ἐπύθοντο
523 2509 739 2588 Λακεδαιμόνιοι
770 2509 813 2570 ὅτι
843 2510 984 2584 βασιλεῦ.-

181 2601 333 2660 στέλλοιτο
354 2601 400 2659 ἐπὶ
420 2598 471 2676 τήν
488 2599 623 2676 Ἑλλάδα,
646 2602 760 2676 πρώτοι·
790 2598 836 2656 καὶ
859 2595 929 2656 οῦτω
944 2597 984 2672 ’δή

182 2692 210 2751 ἐς
222 2687 255 2748 τό
267 2686 440 2766 χρηστήριον
452 2686 485 2747 τό
500 2692 528 2750 ἐς
541 2685 675 2762 Δελφοῦς
685 2686 862 2764 ἀπέπεμψαν,
873 2685 939 2744 ἔνθα
949 2684 985 2760 δή

181 2783 238 2853 σφι
257 2775 384 2855 ἐχρήσθη
396 2775 431 2836 τό
445 2774 533 2856 ὀλίγῳ
546 2773 683 2852 πρότερον
696 2774 783 2834 εἶπον·
805 2772 940 2832 ἐπύθοντο
954 2772 985 2834 δέ

180 2863 275 2944 τρόπῳ
283 2865 425 2944 θωμασίῳ·
439 2864 608 2939 Δημάρητος
617 2861 672 2943 γαρ
683 2862 699 2922 ό
709 2862 877 2940 Ἀρίστωνος
886 2859 985 2942 φυγών

183 2956 210 3014 ἐς
223 2951 345 3027 Μήδους,
360 2951 395 3015 ώς
408 2955 460 3028 μὲν
474 2951 527 3031 ἐγώ
541 2951 626 3010 δοκέω
639 2951 731 3010 καὶτὰ
745 2949 819 3014 οἶκός
832 2950 895 3027 ἐμοὶ
912 2975 985 3026 συμ-

181 3038 308 3115 μάχεται,
324 3038 373 3098 οῦκ
387 3037 421 3113 ἦν
435 3038 527 3100 εῦνοος
539 3038 794 3115 Λακεδαιμονίοισι·
816 3037 936 3114 πάρεστι
955 3037 986 3096 δὲ

184 3124 307 3198 εἰκάζειν,
330 3127 383 3184 εἴτε
404 3125 495 3204 εῦνοίῃ
514 3131 602 3184 ταῦτα
624 3127 739 3202 ἐποίησε
760 3128 815 3185 εἴτε
835 3127 881 3185 καὶ
902 3152 986 3184 κατα-

181 3212 294 3287 χαίρων·
315 3214 377 3270 ἐπεί
391 3238 421 3271 τε
437 3212 492 3292 γὰρ
510 3213 601 3291 Ξέρξη
618 3214 693 3283 ἔδοξε
707 3215 926 3290 στρατηλατέειν
940 3215 987 3273 ἐπὶ

182 3295 233 3370 τήν
256 3296 390 3370 Ἑλλάδα,
413 3297 464 3358 ἐών
486 3304 515 3358 ἐν
539 3300 676 3363 Σούσοισι
698 3302 714 3360 ὁ
742 3301 912 3380 Δημάρητος
939 3303 986 3364 καὶ
