2258 3568
194 147 225 195 ιο
495 146 676 195 Ἢνοιουοτ
948 146 993 210 [ν.

191 226 382 309 Ἀρισταγόρῃ
403 227 432 286 δέ
448 228 601 287 συνέπιπτε
617 229 667 285 τοῦ
686 223 770 284 αὐτοῦ
786 224 889 303 χρόνου
905 226 997 286 πάντα

192 319 279 374 ταῦτα
296 315 481 375 συνελθόντα,
524 313 691 390 ἐβουλεύετο
713 311 749 372 ὧν
767 313 911 389 μετὰτῶν
929 341 997 374 στα-

192 405 321 473 σιωτέων,
333 403 455 481 ἐκφήνας
467 402 519 479 τήν
529 429 560 464 τε
574 405 676 460 ἐωυτοῦ
688 401 800 482 γνώμην
812 403 857 460 καὶ
870 402 907 462 τά
919 403 996 480 παρά

190 495 240 550 τοῦ
264 491 398 551 Ἱστιαίου
422 491 571 572 ἀπιγμένα·
600 494 626 549 οἱ
650 492 702 566 μὲν
726 489 760 565 δή
786 489 871 550 άλλοι
895 490 996 556 πάντες

190 578 303 661 γνώμην
328 579 397 639 κατά
419 579 507 639 τώυτὸ
533 580 705 654 ἐξεφέροντο,
729 578 888 642 κελεύοντες
911 579 995 639 άπίσ·

190 669 303 728 τασθαι·
331 668 476 731 Ἑκαταῖος
497 669 526 727 δέ
547 667 562 727 ὁ
584 665 737 748 λογοποιδς
757 670 853 744 πρώτα
873 670 924 744 μέν
944 669 994 729 ούκ

190 758 221 816 ἐα
251 756 378 833 πόλεμον
406 757 527 832 βασιλέϊ
557 759 612 816 τῶν
642 755 777 832 Περσέων
807 753 993 833 ἀναιρέεσθαι,

190 846 351 926 καταλέγων
364 844 399 904 τά
415 871 446 904 τε
462 845 541 904 ἔθνεα
555 844 647 903 πάντα
660 848 714 903 τῶν
728 842 797 922 ἦρχε
812 848 931 921 Δαρεῖος
948 847 992 904 καὶ

188 932 239 1008 τήν
260 933 375 1010 δύναμιν
396 931 490 992 αύτοῦ·
513 934 625 992 ἐπείτε
646 933 675 991 δὲ
696 931 745 991 ούκ
765 933 864 1002 ἔπειθε,
881 931 993 1010 δεύτερα

141 1045 146 1054 ’
189 1022 378 1097 συνεβούλευε
394 1023 498 1082 ποιέειν
516 1021 585 1084 ὅκως
600 1020 763 1097 ναυκράτεες
776 1024 827 1096 τῆς
843 1020 993 1098 θαλάσσης

188 1111 309 1171 ἔσονται·
332 1109 426 1174 ἄλλως
442 1112 494 1187 μέν
509 1137 557 1170 νυν
574 1109 701 1186 οὐδαμῶς
720 1110 774 1184 ἔφη
789 1109 879 1189 λέγων
896 1113 993 1186 ἐνορᾶν

187 1199 323 1276 ἐσόμενον
342 1203 435 1259 τοῦτο·
461 1200 634 1258 ἐπίστασθαι
653 1198 709 1278 γάρ
734 1197 785 1272 τὴν
806 1195 921 1273 δύναμιν
941 1197 993 1272 τήν

187 1291 339 1364 Μιλησίων
354 1292 456 1347 ἐοῦσαν
469 1287 599 1346 άσθενέα·
622 1291 646 1344 εἰ
660 1287 689 1344 δὲ
702 1286 738 1344 τά
754 1285 886 1364 χρήματα
900 1311 992 1345 καται-

186 1377 279 1452 ρεθείη
290 1375 325 1435 τά
340 1382 370 1434 ἐκ
384 1381 433 1435 τοῦ
449 1379 509 1451 ἱροῦ
519 1379 569 1434 τοῦ
583 1381 611 1433 ἐν
625 1374 802 1454 Βραγχιδησι
816 1373 851 1432 τά
866 1377 992 1449 Κροῖσος

187 1463 203 1522 ὁ
217 1465 307 1527 Λυδός
324 1463 447 1539 άνέθηκε,
462 1463 574 1526 πολλάς
591 1462 648 1540 εἶχε
662 1461 781 1522 ἐλπίδας.
793 1459 989 1537 ἐπικρατήσειν

186 1557 235 1628 τῆς
257 1552 415 1627 θαλάσσης·
442 1552 487 1610 καὶ
509 1551 579 1610 οὕτω
601 1548 700 1611 αύτούς
720 1574 751 1606 τε
772 1548 842 1616 ἕξειν
862 1548 991 1627 χρήμασι

185 1642 311 1719 χρᾶσθαι
325 1641 370 1698 καὶ
386 1640 450 1702 τούς
467 1640 620 1715 πολεμίους
639 1636 670 1696 ού
688 1636 826 1711 συλήσειν
840 1635 920 1696 αύτά.
954 1636 990 1698 τά

186 1729 215 1788 δέ
231 1729 363 1808 χρήματα
379 1727 414 1804 ἢν
430 1732 518 1788 ταῦτα
535 1726 656 1807 μεγάλα,
671 1725 706 1788 ώς
725 1724 877 1800 δεδήλωται
895 1752 944 1802 μοι
962 1732 990 1786 ἐν

185 1821 222 1896 τῷ
242 1816 341 1896 πρώτῳ
361 1821 415 1876 τῶν
436 1816 538 1896 λόγων.
581 1814 649 1890 αίπη
671 1816 723 1890 μὲν
746 1814 779 1889 δή
803 1814 851 1872 ούκ
876 1815 951 1874 ἐνίκα
972 1815 990 1890 ή

184 1905 289 1986 γνώμη·
317 1905 407 1965 ἐδόκεε
429 1905 458 1964 δὲ
479 1904 552 1981 ὅμως
573 1903 758 1971 α’πίστασθαι,
782 1903 829 1961 ένα
849 1928 880 1961 τε
901 1901 990 1962 αὐτῶν

185 1994 340 2055 πλώσαντα
361 1999 388 2057 ἐς
409 1997 543 2052 Μυοῦντα
564 1996 591 2054 ἐς
611 1991 643 2050 τό
665 1990 855 2068 στρατόπεδον
877 1989 910 2050 τό
932 1989 989 2049 α’πδ

183 2087 234 2159 τῆς
247 2084 344 2152 Νάξου
358 2082 491 2151 άπελθὸν,
504 2081 549 2140 ἐὰν
564 2081 689 2150 ἐνθαῦτα,
702 2079 918 2156 συλλαμβάνειν
931 2105 988 2138 πει-

116 2175 118 2178 ⁴
183 2173 289 2248 ρᾶσθαι
304 2173 369 2234 τούς
386 2172 501 2230 ἐπὶτῶν
519 2174 586 2230 νεών
605 2170 788 2231 ἐπιπλέοντας
804 2168 989 2249 στρατηγούς.

138 2262 174 2320 37
184 2259 435 2336 Ἀποπεμφθέντος
449 2259 478 2318 δέ
490 2258 674 2338 Ἰητραγόρεω
689 2257 747 2316 κατ’
759 2256 827 2315 αύτό
840 2261 932 2327 τοῦτο,
943 2259 990 2316 καὶ

184 2349 384 2424 συλλαβόντος
405 2349 478 2427 δόλῳ
496 2347 630 2406 Ὀλίατον
650 2345 817 2422 Ἰβανώλιος
838 2346 988 2415 Μυλασέα,

185 2439 230 2495 καὶ
238 2437 372 2496 Ἱστιαῖον
381 2438 493 2513 Τύμνεω
502 2437 651 2512 Τερμερέα,
662 2435 708 2492 καὶ
717 2433 802 2508 Κώην
809 2433 816 2452 ’
822 2433 988 2509 Ερξάνδρεω,

183 2529 222 2603 τῷ
233 2529 350 2601 Δαρεῖος
365 2523 531 2599 Μυτιλήνην
542 2522 710 2600 ἐδωρήσατο,
723 2522 769 2580 καὶ
782 2521 990 2601 Ἀρισταγόρην

183 2613 372 2690 Ἡρακλείδεω
390 2616 526 2690 Κυμαῖον,
542 2612 588 2670 καὶ
604 2610 710 2672 ἄλλους
726 2609 855 2688 συχνούς,
871 2608 941 2668 οὕτω
955 2609 989 2685 δὴ

184 2706 214 2760 ἐκ
227 2706 277 2762 τοῦ
292 2703 430 2778 ἐμφανέος
444 2701 459 2760 ό
472 2698 677 2779 Ἀρισταγόρης
694 2698 858 2773 α’πεστήκεε,
873 2702 930 2757 πᾶν
944 2699 989 2757 ἐπὶ

176 2791 293 2869 ’Δαρείῳ
311 2788 518 2869 μηχανώμενος.
554 2788 600 2846 καὶ
621 2791 717 2862 πρώτα
737 2788 788 2862 μὲν
807 2785 883 2866 λόγῳ
899 2787 990 2862 μετεὶς

183 2879 236 2954 τήν
255 2877 401 2955 τυραννίδα
423 2877 568 2952 ἰσονομίην
588 2876 677 2933 ἐποίεε
698 2879 733 2953 τῇ
754 2873 882 2952 Μιλήτῳ,
902 2873 937 2937 ώς
957 2873 990 2934 ἂν

185 2965 291 3030 ἑκόντες
309 2965 382 3044 αύτῷ
401 2968 428 3023 οἱ
446 2965 588 3039 Μιλήσιοι
609 2963 843 3022 συναπισταίατο·
864 2962 935 3040 μετά
952 2962 989 3032 δέ,

186 3055 231 3112 καὶ
250 3060 278 3114 ἐν
294 3059 329 3133 τῇ
343 3053 419 3132 άλλη
433 3053 522 3131 Ἰωνίη
535 3051 624 3112 τώυτδ
643 3055 726 3110 τοῦτο
744 3050 842 3119 ἐποίεε,
856 3051 921 3114 τούς
939 3053 989 3127 μὲν

185 3143 337 3212 ἐξελαύνων
356 3147 411 3203 τών
431 3142 578 3219 τυράννων,
598 3139 665 3202 τούς
687 3138 710 3198 δ’
732 3140 820 3214 ἔλαβε
842 3138 989 3216 τυράννους

184 3230 241 3291 άπὸ
257 3236 311 3292 τῶν
327 3235 395 3292 νεών
410 3235 466 3291 τῶν
482 3228 727 3310 συμπλευσασέων
745 3228 790 3286 ἐπὶ
808 3226 914 3296 Νάξον,
928 3227 990 3286 τού·

184 3345 249 3384 τους
272 3320 301 3380 δέ
325 3321 399 3394 φίλα
421 3317 601 3395 βουλόμενος
624 3315 771 3374 ποιέεσθαι
792 3319 861 3392 τῇσι
888 3313 989 3379 πόλισι
