2276 3554
167 131 214 178 1⁰8
474 130 656 179 ‘HPOAO'POT
906 133 967 198 [VI.

166 233 250 285 μενον
266 208 395 284 τρέπεται
411 210 565 286 τριφασίας
583 209 670 272 όδοός·
695 210 740 269 καὶ
754 209 773 286 ἦ
787 213 839 288 μὲν
853 210 969 288 ἔσφαλ-

167 323 215 360 τος
229 298 275 356 καὶ
293 299 319 356 οἱ
336 296 402 360 ἅλες
420 297 573 377 πήγνυνται
593 301 757 374 παραυτίκα,
772 298 805 358 τό
825 300 854 358 δὲ
874 302 970 361 ἔλαιον

167 385 321 466 συνάγουσι
340 389 368 443 ἐν
386 383 515 466 ἀγγείοις,
529 385 562 445 τό
578 390 604 445 οἱ
618 387 730 462 Πέρσαι
744 389 881 447 καλέουσι
893 389 969 465 ῥαδι-

166 474 261 550 νάκην·
277 475 337 532 ἔστι
348 473 377 531 δὲ
387 472 478 549 μέλαν
489 475 534 532 καὶ
545 473 634 550 όδμήν
644 474 836 553 παρεχόμενον
849 477 967 553 βαρέαν·

161 563 285 630 Ιε’νθαῦτα
297 561 361 624 τούς
373 561 529 639 Ἐρετριέας
539 563 680 621 κατοίκισε
690 562 830 638 βασιλεύς
839 569 967 641 Δαρεῖος·

167 650 193 709 οἳ
210 651 255 708 καὶ
270 651 353 728 μέχρι
371 650 435 726 ε’μέο
455 650 531 729 εἶχον
546 650 598 726 τήν
614 649 708 728 χιόρην
724 650 835 726 ταύτην,
854 653 967 727 φυλάσ-

165 765 263 800 σοντες
288 737 340 813 τήν
366 737 486 816 α’ρχαίην
511 742 657 819 γλῶσσαν.
701 738 736 798 τό
763 741 815 816 μὲν
841 739 875 816 δή
902 744 967 818 περὶ

165 826 320 904 Ἐρετριέας
333 828 400 905 ἔσχε
413 826 492 885 οὕτω.

119 916 176 974 120
228 914 451 992 Λακεδαιμονίων
472 915 501 973 δὲ
521 911 591 990 ἧκον
612 919 639 978 ές
659 914 708 978 τός
730 913 851 990 Ἀθήνας
874 915 965 996 δισχί-

164 1008 222 1061 λιοι
241 1002 312 1080 μετά
332 1002 384 1078 τήν
404 1003 589 1078 πανσέληνον,
613 1003 722 1082 ἔχοντες
743 1002 870 1078 σπουδήν
893 1010 965 1064 πολ-

164 1091 218 1166 λήν
245 1093 418 1166 καταλαβεῖν
444 1090 514 1150 οὕτω
542 1089 614 1150 ὥστε
636 1095 755 1167 τριταῖοι
780 1095 809 1149 ε’κ
834 1091 964 1169 Σπάρτης

164 1180 290 1259 ἐγένοντο
309 1185 338 1239 έν
354 1183 391 1257 τῇ
404 1177 528 1256 Ἀττικῇ·
550 1177 662 1256 ὕστεροι
681 1179 710 1237 δὲ
731 1177 894 1254 οἷπικόμενοι
914 1186 965 1256 τῆς

163 1269 322 1344 συμβολῆς,
338 1268 475 1344 ἱμείροντο
492 1265 565 1343 ὅμως
579 1266 738 1341 θεήσασθαι
758 1265 822 1329 τούς
836 1267 963 1343 Μήδους·

163 1355 291 1417 ἐλθόντες
312 1355 341 1413 δὲ
360 1359 386 1416 ἔς
404 1354 453 1413 τόν
467 1355 628 1430 Μαραθῶνα
649 1353 811 1430 ἐθεήσαντο·
831 1356 903 1431 μετὰ
923 1357 962 1426 δὲ,

162 1444 296 1505 αἰνέοντες
312 1442 475 1517 Ἀθηναίους
490 1444 535 1502 καὶ
551 1442 583 1502 τό
603 1444 683 1523 ἔργον
702 1442 791 1502 αὐτῶν
811 1443 962 1504 ἀπαλλάσ-

162 1557 248 1590 σοντο
268 1528 369 1589 όπίσω.

116 1621 171 1678 121
225 1623 312 1693 Θῶμα
326 1617 357 1676 δέ
365 1643 422 1695 μοι,
434 1618 480 1677 καὶ
494 1617 542 1676 οὐκ
557 1619 700 1694 ἐνδέκομαι
713 1617 762 1677 τόν
770 1617 866 1699 λόγον,
876 1618 962 1680 Ἀλκ-

161 1705 309 1783 μαιωνίδας
323 1705 357 1765 ἄν
372 1732 435 1765 κοτε
448 1705 576 1775 ἀναδέξαι
591 1708 724 1784 Πέρσῃσι
738 1711 767 1764 ε’κ
782 1707 962 1784 συνθήματος

162 1793 277 1865 άσπίδα,
285 1795 477 1871 βουλομένους
489 1793 543 1853 όπό
559 1794 741 1872 βαρβάροισί
750 1821 781 1854 τε
796 1795 864 1854 εἶναι
877 1795 961 1873 Ἀθη-

161 1883 252 1946 ναίους
276 1883 322 1941 καὶ
345 1882 400 1942 ὖπό
422 1882 526 1961 Ἱππίῃ
552 1883 649 1945 οἵτινες
671 1887 794 1960 μᾶλλον,
817 1882 836 1960 ἢ
860 1883 961 1961 ὁμοίως

161 1973 277 2050 Καλλίῃ
290 1975 328 2050 τῷ
341 1971 506 2040 Φαινίππου,
519 1970 680 2029 Ἱππονίκου
695 1971 724 2030 δὲ
737 1973 831 2048 πατρὶ,
848 1973 960 2046 φαίνον-

160 2086 206 2119 ται
226 2059 424 2136 μισοτύραννοι
445 2058 543 2122 ε’όντες.
586 2059 716 2134 Καλλίης
733 2085 764 2118 τε
784 2059 840 2139 γαὶρ
858 2065 962 2136 μοῦνος

160 2147 312 2225 Ἀθηναίων
328 2146 456 2207 ἁπάντων
475 2146 592 2224 ἐτόλμα,
609 2145 677 2209 ὅκως
693 2149 901 2224 Πεισίστρατος
918 2153 961 2206 ε’κ-

160 2237 244 2296 πέσοι
262 2241 291 2295 ἐκ
311 2239 366 2294 τῶν
385 2233 530 2310 Ἀθηνέων,
544 2235 580 2294 τά
600 2233 731 2312 χρήματα
751 2235 835 2294 αὐτοῦ
857 2261 960 2312 κηρυσ-

161 2324 268 2400 σόμενα
291 2323 345 2383 ὑπό
367 2325 416 2382 τοῦ
435 2323 572 2398 δημοσίου
592 2322 733 2395 ὠνέεσθαι,
760 2323 805 2381 καὶ
826 2324 861 2382 ταὶ
882 2321 961 2383 ἄλλα

115 2415 171 2472 122
181 2413 216 2471 τό
232 2414 349 2490 ἔχθιστα
365 2416 392 2474 ές
409 2410 494 2470 αὐτόν
510 2409 601 2470 πάντα
616 2415 784 2490 ἐμηχανᾶτο.
827 2413 961 2470 Καλλίεω

161 2501 190 2559 δὲ
205 2499 305 2560 τούτου
324 2499 400 2568 ἄξιον
417 2502 567 2578 πολλαχοῦ
582 2498 694 2576 μνήμην
712 2499 773 2558 ε’στὶ
789 2499 881 2559 πάντα
899 2499 961 2559 τινὰ

161 2590 242 2667 ἔχειν·
263 2593 345 2648 τοῦτο
369 2590 420 2664 μὲν
444 2586 498 2667 γάρ
524 2587 560 2646 τά
585 2588 805 2668 προλελεγμένα,
831 2586 866 2650 ὦς
890 2586 961 2664 ἀνὴρ

160 2677 244 2754 ιῖκρος
273 2677 422 2752 ἐλευθερῶν
453 2675 504 2749 τήν
533 2675 667 2751 πατρίδα·
697 2680 780 2734 τοῦτο
811 2676 840 2734 δὲ
869 2674 905 2734 τοὶ
932 2680 962 2736 έν

159 2765 303 2843 Ὀλυμπίῃ
325 2764 448 2838 ἐποίησε,
469 2762 542 2842 ἵππῳ
561 2763 677 2838 νικήσας
693 2763 834 2842 τεθρίππῳ
856 2763 885 2821 δὲ
902 2762 961 2821 δεό-

159 2880 237 2930 τερος
262 2851 416 2933 γενόμενος,
441 2849 534 2909 Πύθια
564 2852 592 2908 δὲ
619 2851 755 2928 πρότερον
785 2849 961 2927 ἀνελόμενος,

162 2940 321 3018 ἐφανερώθη
339 2946 365 3002 ἐς
381 2939 445 3001 τούς
456 2939 600 3013 Ἕλληνας
615 2938 720 3001 πάντας
739 2940 893 3018 μεγίστῃσι
915 2937 961 2996 δα-

160 3029 274 3106 πάνῃσι·
296 3033 378 3087 τοῦτο
393 3028 422 3086 δὲ
436 3026 506 3086 κατὰ
519 3026 569 3088 τός
580 3031 679 3086 ἑωυτοῦ
691 3027 851 3106 θυγατέρας,
861 3023 962 3088 ἐούσας

160 3121 240 3194 τρεῖς,
264 3116 321 3179 οἶός
342 3142 383 3178 τις
405 3115 474 3192 ἀνήρ
497 3116 613 3195 ἐγένετο·
639 3114 732 3190 ε’πειδή
754 3113 809 3194 γάρ
833 3114 962 3194 ἐγένοντο

160 3205 252 3287 γάμου
271 3205 374 3281 ὦραῖαι,
395 3204 477 3262 ἔδωκέ
496 3209 552 3278 σφι
573 3201 675 3280 δωρεὴν
693 3201 963 3282 μεγαλοπρεπεστά-

160 3319 218 3368 την,
244 3293 366 3370 ἒκείνῃσί
386 3317 417 3352 τε
442 3291 601 3370 ἐχαρίσατο·
631 3295 673 3348 ε’κ·
687 3289 742 3369 γάρ
770 3288 879 3349 πάντων
906 3294 963 3350 τῶν

918 3383 927 3400 .
