2258 3568
154 141 265 208 59-63]
461 135 665 190 τονντΧονΗ.
934 140 966 188 ιτ

153 225 273 304 ἰσχυρόν
294 223 326 284 οῦ
346 222 503 301 προεχώρεε
525 221 647 290 κάτοδος,
667 218 745 278 άλλά
766 217 959 295 προσέπταιον

153 312 283 392 μεγάλως
302 311 467 388 πειρώμενοι
487 311 608 370 κατιέναι
624 335 655 368 τε
673 308 718 366 καὶ
732 307 897 382 ἐλευθεροῦν
910 305 960 368 τάς

153 399 283 476 Ἀθήνας,
301 399 469 478 Λειψύδριον
484 399 518 459 τό
536 398 606 476 ῦπέρ
625 397 759 472 Παιονίης
776 396 960 473 τειχίσαντες·

153 489 273 548 ἐνθαῦτα
287 491 314 548 οἶ
326 487 543 565 Ἀλκμαιωνιδαι
559 492 616 546 πᾶν
633 487 678 545 ἐπὶ
695 488 773 544 τοῖσι
786 491 960 560 Πεισιστρα·

151 576 249 655 τίδησι
269 577 472 656 μηχανώμενοι,
497 575 562 654 παρ’
586 572 799 652 Ἀμφικτυόνων
820 571 870 632 τόν
893 571 961 646 νηόν

151 666 323 741 μισθοῦνται
336 664 386 725 τόν
403 670 432 724 ἐν
450 669 603 740 Δελφοῖσι,
617 663 666 722 τόν
684 665 732 721 νῦν
749 660 831 720 ἐόντα
848 659 913 719 τότε
931 659 960 718 δέ

153 751 235 823 οὔκω,
256 758 356 814 τοῦτον
377 754 602 830 ἐξοικοδομῆσαι·
633 751 679 811 οἶα
701 751 730 809 δέ
754 749 903 829 χρημάτων
932 748 960 807 εὗ

152 840 268 916 ἥκοντες
284 841 330 900 καὶ
347 841 437 904 ἐόντες
454 840 550 918 ἄνδρες
567 840 676 917 δόκιμοι
693 838 826 899 ἀνέκαθεν
846 838 893 907 ἔτι,
911 836 961 896 τόν

151 955 184 989 τε
197 929 265 1004 νηόν
280 930 468 1011 ἐξεργάσαντο
482 933 532 989 τοῦ
545 929 771 1009 παραδείγματος
785 926 910 996 κάλλιον,
924 924 961 985 τά

151 1043 184 1076 τε
198 1017 276 1076 ἄλλα
290 1019 337 1076 καὶ
350 1019 533 1099 συγκειμένου
553 1023 609 1093 σφι
628 1017 747 1093 πωρίνου
763 1017 845 1074 λίθου
858 1015 961 1074 ποιέειν

152 1105 203 1165 ’τόν
224 1105 299 1182 νηόν,
315 1107 425 1183 Παρίου
445 1105 481 1165 τά
503 1105 662 1182 ἔμπροσθεν
679 1103 763 1163 αὐτοῦ
783 1104 959 1177 ἐξεποίησαν.

152 1193 204 1256 Ὡς
220 1193 258 1253 ὧν
274 1193 308 1270 δη
326 1197 352 1252 οἱ
368 1193 513 1270 Ἀθηναῖοι
530 1195 656 1275 λέγουσι,
675 1191 752 1252 οῦτοι
772 1194 798 1250 οἱ
816 1189 911 1267 ἄνδρες
933 1197 961 1250 ἐν
970 1194 1006 1251 63

154 1285 302 1357 Δελφοῖσι
312 1281 461 1359 κατήμενοι
476 1281 621 1342 ἀνέπειθον
636 1281 689 1358 τήν
703 1281 813 1355 Πυθίην
823 1278 959 1357 χρήμασι,

153 1368 225 1432 ὅκως
247 1371 354 1429 ἔλθοιεν
375 1371 569 1447 Σπαρτιητέων
592 1369 686 1446 ἄνδρες
709 1370 762 1428 εἴτε
788 1369 843 1447 ἰδίῳ
865 1367 960 1446 στόλῳ

154 1457 210 1516 εἴτε
223 1457 350 1536 δημοσίῳ
360 1457 541 1536 χρησόμενοι,
552 1459 705 1534 προφέρειν
716 1463 772 1532 σφι
782 1456 832 1519 τάς
841 1456 960 1531 Ἀθήνας

154 1547 329 1624 ἐλευθεροῦν.
370 1545 585 1622 Λακεδαιμόνιοι
607 1547 643 1614 δέ,
667 1544 701 1608 ὦς
722 1552 778 1620 σφι
799 1545 851 1603 αἰεὶ
871 1543 959 1603 τωῦτό

153 1632 319 1709 πρόφαντον
336 1635 452 1714 ἐγένετο,
467 1638 612 1710 πέμπουσι
625 1633 810 1715 Ἀγχιμόλιον
827 1632 876 1692 τόν
893 1632 960 1692 Ἀσ-

153 1722 242 1798 τέρος,
258 1722 339 1782 ἐόντα
351 1726 406 1782 τῶν
425 1721 519 1782 α’στιῦν
538 1721 765 1799 ἄνδρα-δόκιμον,
781 1721 834 1782 σῦν
849 1725 960 1800 στρατῷ

154 1809 293 1878 ἐξελῶντα
306 1811 543 1886 Πεισιστρατίδας
557 1812 587 1879 ἐξ
599 1810 746 1885 Ἀθηνέων,
757 1809 830 1886 ὅμως
844 1810 889 1868 καὶ
907 1810 959 1878 ξει-

154 1898 229 1962 νίους
249 1906 305 1975 σφι
330 1899 424 1962 ἐόντας
447 1898 483 1958 τά
505 1899 642 1976 μάλιστα·
674 1899 709 1957 τά
735 1898 789 1979 γάρ
817 1902 867 1957 τοῦ
893 1898 958 1956 θεοῦ

153 1986 337 2065 πρεσβύτερα
357 1991 498 2051 ἐποιεῦντο
517 1985 535 2063 ἢ
551 1987 586 2046 τά
602 1991 657 2046 τῶν
671 1987 786 2064 α’νδρῶν·
814 1987 959 2062 πέμπουσι

154 2073 185 2132 δὲ
209 2075 324 2138 τούτους
345 2075 414 2136 κατά
438 2074 590 2135 θάλασσαν
614 2076 752 2134 πλοίοισι.
808 2073 824 2134 ὁ
847 2077 898 2150 μὲν
925 2073 959 2150 δὴ

154 2163 291 2242 προσχών
305 2169 333 2226 ἐς
345 2163 486 2240 Φάληρον,
501 2163 552 2239 τὴν
569 2163 704 2241 στρατιὴν
721 2163 861 2238 α’πέβησε·
884 2167 910 2222 οἱ
928 2163 957 2221 δὲ

155 2252 390 2328 Πεισιστρατίδαι
400 2251 658 2328 προπυνθανόμενοι
667 2255 763 2322 ταῦτα,
776 2252 959 2311 ἐπεκαλέοντο

155 2343 186 2398 ἐκ
199 2341 364 2416 Θεσσαλίης
385 2340 553 2416 ἐπικουρίην·
575 2341 724 2415 ἐπεποίητο
738 2339 792 2421 γάρ
813 2346 869 2417 σφι
888 2365 958 2416 συμ-

153 2428 243 2505 μαχίη
264 2427 335 2504 πρός
357 2426 466 2490 αὐτούς·
496 2428 645 2486 Θεσσαλοὶ
668 2428 699 2486 δέ
722 2435 778 2504 σφι
803 2429 959 2505 δεομένοισι

153 2514 332 2593 ἀπέπεμψαν,
347 2519 425 2594 κοινῇ
434 2513 531 2596 γνώμη
545 2514 705 2593 χρεώμενοι,
720 2518 815 2595 χιλίην
828 2543 859 2576 τε
874 2517 959 2575 ἵππον

154 2604 201 2661 καὶ
215 2603 266 2663 τόν
283 2605 412 2680 βασιλέα
429 2603 478 2663 τόν
498 2605 640 2680 σφέτερον
661 2606 771 2680 Κινέην,
794 2605 880 2681 ἄνδρα
901 2611 957 2663 Κο·

153 2694 252 2752 νιαῖον·
280 2691 345 2755 τοῦς
367 2691 428 2750 ἐπεί
446 2718 478 2752 τε
499 2692 585 2770 ἐσχον
610 2691 777 2771 συμμάχους
806 2695 832 2752 οἳ
859 2699 957 2751 Πεισι-

153 2779 309 2856 στρατίδαι,
329 2779 503 2859 ἐμηχανέατο
516 2779 620 2838 τοιάδε·
641 2781 779 2858 κείραντες
791 2785 846 2841 τῶν
860 2785 954 2856 Φαλη·

152 2866 223 2943 ρέων
238 2866 272 2926 τό
291 2867 394 2941 πεδίον,
418 2869 464 2927 καὶ
486 2866 645 2944 ἱππάσιμον
668 2869 835 2944 ποιήσαντες
858 2872 957 2928 τοῦτον

152 2954 203 3014 τόν
232 2959 333 3034 χῶρον,
365 2960 470 3031 ἐπῆκαν
500 2960 538 3035 τῷ
569 2955 749 3036 στρατοπέδῳ
776 2955 828 3032 την
861 2957 955 3016 ἵππον·

154 3047 321 3119 ἐμπεσοῦσα
350 3043 379 3102 δὲ
405 3045 544 3122 διέφθειρε
568 3043 674 3108 ἅλλους
700 3071 731 3104 τε
755 3045 881 3108 πολλοῦς
900 3050 955 3104 τῶν

152 3132 378 3209 Λακεδαιμονίων
406 3134 451 3191 καὶ
479 3132 513 3207 δή
535 3133 581 3190 καὶ
607 3131 656 3189 τόν
675 3131 869 3210 Ἀγχιμόλιον,
888 3127 955 3193 τοῦς

152 3220 184 3279 δέ
213 3222 442 3302 περιγενομένους
474 3219 564 3278 αὐτῶν
592 3222 619 3278 ἐς
645 3217 695 3278 τάς
716 3218 778 3278 νέας
812 3218 954 3292 κατέρξαν.

152 3304 170 3369 ό
192 3309 246 3386 μέν
271 3307 305 3384 δὴ
330 3311 440 3384 πρῶτος
463 3305 568 3367 στόλος
594 3307 623 3360 ἐκ
653 3301 859 3374 Λακεδαίμονος
886 3299 956 3358 οὕτω
