2258 3568
131 139 243 206 47-52]
325 150 332 164 ·
479 131 592 196 ανκυο.
906 146 937 198 77

130 247 167 280 τα
191 223 269 285 ἰθέως
289 224 433 300 Ἀθηναῖοι
455 226 595 295 ἐπεκέατο,
618 226 759 289 δοκέοντες
781 225 827 285 ἐπὶ
850 227 939 302 σφίσι

131 309 249 386 ἔχοντας
261 311 326 373 τούς
340 312 490 392 Αἰγινήτας
503 312 648 373 δεδωκέναι
661 313 697 376 οἷς
710 311 770 390 ἅμα
782 317 821 393 τῷ
834 315 935 393 Πέρση

131 399 178 457 ἐπὶ
200 399 295 474 σφέας
318 399 532 476 στρατεύωνται·
557 401 603 459 καί
627 400 746 478 ἄσμενοι
772 403 936 479 προφάσιος

131 486 320 562 ἐπελάβοντο,
336 488 496 564 φοιτέοντές
511 514 542 548 τε
560 493 587 551 ἐς
606 488 657 565 τήν
672 489 804 566 Σπάρτην
819 489 936 571 κατηγό-

129 600 196 648 ρεον
208 579 265 634 τῶν
278 577 446 656 Αἰγινητέων
464 575 500 635 τά
519 577 698 653 πεποιήκοιεν
719 577 868 654 προδόντες
885 578 937 654 τήν

128 662 269 722 Ἑλλάδα.
312 665 391 740 Πρός
411 664 515 741 ταύτην
536 665 567 723 δέ
582 666 634 741 τήν
654 666 821 746 κατηγορίην
843 671 932 725 Κλεο-
944 670 983 726 50

129 751 216 826 μένης
234 750 489 829 όἈναξανδρίδεω,
504 753 645 829 βασιλεύς
663 752 714 813 εὀἰν
732 755 934 830 Σπαρτιητέων,

130 837 214 914 διέβη
229 844 257 902 ἐς
271 840 388 920 Αἴγιναν
402 840 578 916 βουλόμενος
594 842 754 918 συλλαβεῖν
768 841 937 922 Αἰγινητέων

129 926 195 989 τούς
222 927 409 991 αἰτιωτάτους·
437 927 472 991 ὦς
498 928 527 987 δὲ
555 932 684 1006 ἐπειρᾶτο
715 928 934 1004 συλλαμβάνων,

130 1013 217 1073 οἰλλοι
236 1041 267 1074 τε
285 1015 319 1091 δή
339 1016 412 1094 αύτῷ
426 1018 549 1097 ἐγίνοντο
564 1016 686 1087 ἀντίξοοι
699 1021 754 1076 τῶν
768 1018 936 1096 Αἰγινητέων

130 1107 159 1160 ἐν
179 1102 208 1161 δέ
228 1103 262 1179 δή
282 1105 328 1162 καὶ
343 1108 430 1181 Κρῖος
448 1104 464 1164 ό
482 1105 660 1182 Πολυκρίτου
678 1105 816 1181 μάλιστα·
838 1104 868 1166 δς
886 1103 935 1164 σύκ

130 1191 186 1266 ἔφη
208 1191 294 1252 αὐτόν
313 1192 345 1251 σί·
363 1194 410 1251 ένα
428 1192 502 1262 ἄξειν
521 1194 656 1271 χαίροντα
672 1193 849 1272 Αἰγινητέων·
871 1190 935 1251 ἄνευ

129 1278 184 1358 γάρ
203 1306 252 1355 μιν
267 1281 461 1356 Σπαρτιητέων
482 1285 532 1340 τοῦ
552 1285 644 1340 κοινοῦ
662 1280 767 1340 ποιέειν
783 1284 872 1339 ταῦτα
888 1279 935 1340 ὕπ’

129 1365 283 1443 Ἀθηναίων
302 1367 515 1450 ἀναγνωσθέντα
535 1368 673 1448 χρήμασι·
695 1367 754 1445 ἅμα
766 1368 821 1450 γοίρ
836 1368 870 1428 άν
885 1395 934 1446 μιν

128 1459 167 1533 τῷ
188 1458 270 1536 ἑτέρη)
290 1457 413 1534 βασιλέϊ
434 1456 553 1517 ἐλθόντα
567 1456 791 1534 συλλαμβάνειν·
813 1459 892 1538 ἔλεγε
905 1458 934 1516 δέ

128 1547 218 1603 ταῦτα
232 1546 263 1614 ἐξ
276 1549 430 1620 ἐπιστολῆς
443 1549 492 1621 τῆς
507 1544 689 1622 Δημαρήτου.
721 1547 890 1622 ’Κλεομένης
903 1546 932 1604 δέ

129 1629 354 1709 ἀπελαυνόμενος
369 1638 398 1691 ἐκ
412 1638 462 1708 τῆς
477 1635 598 1712 Αἰγίνης,
611 1633 698 1710 ε’ίρετο
711 1632 760 1692 τόν
774 1638 863 1710 Κρῖον
877 1633 893 1692 ό
906 1659 934 1693 τι

129 1722 156 1779 οἰ
170 1721 213 1796 εἰη
226 1720 259 1780 τό
274 1719 392 1798 ούνομα;
415 1721 431 1780 ό
445 1721 474 1780 δέ
487 1719 521 1780 τό
536 1721 581 1780 ἐόν
593 1721 701 1797 ἔφρασέ
714 1725 750 1780 οἱ·
772 1720 788 1780 ὁ
802 1721 831 1780 δέ
843 1726 933 1779 Κλεο-

128 1809 213 1884 μένης
235 1812 306 1886 πρός
329 1807 412 1869 αὐτόν
436 1811 500 1885 ἔφη·
525 1808 603 1884 *(ήδη
627 1813 675 1868 νῦν
699 1808 886 1887 κατοχάλκου,
912 1807 933 1868 ὦ

131 1901 208 1972 Κριέ,
222 1899 258 1956 τά
272 1898 360 1974 κέρεα,
376 1897 411 1961 ὥς
425 1898 627 1975 συνοισόμενος
639 1898 754 1978 μεγάλῳ
768 1896 866 1975 κακῷ.”

169 1985 218 2046 Ἐν
237 1987 266 2044 δὲ
288 1991 324 2065 τῇ
344 1987 459 2066 Σπάρτη
477 1991 577 2046 τοῦτον
598 1985 647 2046 τόν
666 1987 768 2064 χρόνον
787 1986 975 2062 ύπομένων51

130 2074 300 2150 Δημάρητος
319 2074 516 2151 όἈρίστωνος
537 2075 674 2150 διέβαλλε
694 2075 744 2134 τόν
760 2075 930 2150 Κλεομένεα,

130 2163 180 2221 ἐυίν
197 2163 339 2238 βασιλεύς
358 2165 403 2220 καὶ
423 2160 502 2226 οὗτος
517 2164 712 2240 Σπαρτιητέων
731 2163 817 2238 οἰκίης
836 2162 865 2220 δὲ
882 2167 932 2238 τῆς

129 2248 340 2327 ὑποδεεστέρης·
362 2251 420 2309 κατ’
434 2250 508 2310 ἄλλο
522 2253 574 2329 μέν
588 2250 667 2310 οὐδὲν
679 2250 930 2327 ύποδεεστέρης,-

129 2337 184 2398 α’πδ
198 2339 254 2420 γάρ
270 2343 321 2398 τοῦ
338 2337 422 2398 αὐτοῦ
435 2339 692 2420 γεγόνασι,-κατιί
709 2340 931 2417 πρεσβυγενείην

130 2426 160 2485 δέ
172 2453 226 2491 κως
238 2429 382 2505 τετίμηται
395 2432 509 2504 μᾶλλον
521 2426 540 2503 ή
554 2427 753 2504 Εὐρυσθένεος.
795 2429 928 2486 Λακεδαι-
939 2432 977 2487 52

128 2515 220 2590 μόνιοι
238 2516 293 2596 γάρ
314 2515 515 2596 ὁμολογέοντες
529 2513 618 2574 ούδενί
632 2520 734 2593 ποιητῇ
748 2515 866 2594 λέγουσι
884 2515 930 2574 ου’-

129 2603 177 2663 τόν
189 2603 406 2679 Ἀριστόδημον,
421 2603 470 2663 τόν
479 2602 693 2683 Ἀριστομάχου
708 2609 759 2663 τοῦ
773 2603 930 2672 Κλεοδαίου

128 2696 177 2750 τοῦ
190 2692 311 2760 Ὕλλου,
325 2691 517 2768 βασιλεύοντα
531 2697 651 2773 αγαγεῖν
670 2693 762 2766 σφέας
781 2696 808 2753 ἐς
826 2690 929 2766 ταύτην

128 2780 178 2856 τήν
195 2781 290 2860 χώρην
308 2781 359 2855 τήν
378 2784 426 2840 νῦν
446 2782 578 2852 ἐκτέαται,
594 2779 658 2838 ἀλλ’
673 2779 705 2839 ού
723 2779 787 2842 τούς
800 2778 929 2856 Ἀριστο-

128 2868 218 2944 δήμου
236 2868 345 2931 παῖδας·
366 2869 438 2944 μετά
453 2869 482 2928 δέ
495 2869 598 2948 χρόνον
614 2867 646 2928 ού
667 2869 786 2938 πολλόν,
800 2867 928 2944 Ἀριστο·

128 2956 205 3036 δήμῳ
224 2961 314 3016 τεκεῖν
332 2957 383 3032 τήν
403 2962 520 3038 γυναῖκα
537 2961 572 3036 τῇ
589 2956 694 3034 οὔνομα
708 2956 776 3016 εἶναι
789 2955 928 3034 Ἀργείην·

128 3045 267 3125 θυγατέρα
289 3044 319 3103 δέ
340 3044 427 3120 αὐτήν
451 3047 569 3126 λέγουσι
593 3045 662 3104 εἰναι
684 3043 857 3104 Αὐτεσίωνος
880 3047 931 3102 τοῦ

128 3137 287 3209 Τισαμενοῦ
309 3136 359 3192 τοῦ
378 3134 556 3210 Θερσάνδρου
579 3137 629 3190 τοῦ
652 3131 846 3188 Πολυνείκεος·
867 3129 930 3184 ταύ-

127 3246 179 3295 την
197 3221 227 3278 δέ
243 3225 332 3279 τεκεῖν
347 3221 456 3295 δίδυμα·
479 3219 607 3277 ἐπιδόντα
621 3217 650 3273 δέ
664 3215 712 3270 τόν
724 3211 930 3284 Ἀριστόδημον

127 3307 163 3367 τά
185 3308 270 3367 τέκνα
291 3306 383 3382 νούσῳ
405 3309 546 3371 τελευτᾶν,
566 3297 798 3367 Λακεδαιμονίους
819 3291 848 3345 δὲ
868 3290 932 3348 τούς

132 3390 158 3437 al
181 3398 216 3444 *7
