2276 3554
178 139 225 187 τοι
483 137 665 192 Ἥνοιοτου
913 139 977 203 [τι.

176 217 301 293 ταλμένα
325 215 499 298 άπῆγγελλε·
525 220 602 276 τοῖσι
626 217 655 276 δέ
679 217 740 277 έαδε
766 219 818 296 μὲν
845 219 979 298 βοηθέειν,
1014 235 1015 238 ’

175 303 359 380 Ἀθηναίοισι,
374 303 494 364 α’δύνατα
515 304 546 363 δέ
562 310 619 381 σφι
632 303 667 380 ἦν
679 305 712 365 τό
726 307 882 383 παραυτίκα
894 309 981 384 ,ποιέοΙ

177 419 216 453 ειν
231 397 319 453 ταῦτα
338 391 369 452 οὗ
382 394 586 469 βουλομένοισι
603 392 680 453 λύειν
693 393 742 454 τόν
756 394 851 472 νόμον·
872 393 907 470 ῆν
920 395 979 476 γάρ

177 482 327 559 ἱσταμένου
347 485 397 540 τοῦ
417 481 504 558 μηνὸς
525 482 628 557 εἰνάτη·
650 481 742 560 εἰνάτη
752 483 787 546 ,δὲ
804 481 853 541 οὐκ
871 483 978 552 ἐξελεύ-

176 571 280 630 σεσθαι
297 571 415 645 ἔφασαν,
428 568 469 646 μῆ
491 568 523 629 οιῗ
543 569 665 646 πλήρεος
687 569 778 632 ἐόντος
798 575 848 629 τοῦ
862 569 978 632 κύκλου.

130 660 186 718 107
197 655 284 717 Οὗτοι
304 659 357 734 μέν
378 683 425 718 νυν
446 657 499 734 τῆν
520 661 699 734 πανσέληνον
722 659 827 734 έμενον·
850 661 926 718 τοῖσι
946 659 979 719 δὲ

175 745 353 824 βαρβάροισι
377 747 526 826 κατηγέετο
548 745 658 821 Ἱππίης
679 744 695 804 ό
717 745 927 824 Πεισιστράτου
949 753 978 812 ἐς

174 835 224 894 τόν
238 835 408 909 Μαραθῶνα,
422 838 472 909 τῆς
491 836 697 912 παροιχομένης
717 833 814 896 νυκτός
827 832 892 912 ὄψιν
912 834 978 896 ῑδῶν

175 927 204 982 ἐν
222 926 261 1001 τῷ
278 921 353 1001 ὕπνῳ
371 921 488 997 τοιήνδε·
511 920 601 981 ἐδόκεε
622 920 761 1002 όἸππίης
779 925 815 1000 τῇ
835 923 920 1000 μητρὶ
939 929 978 1002 τῇ

176 1014 276 1071 ἐωυτοῦ
297 1012 505 1086 συνευνηθῆναι·
527 1009 703 1085 συνεβάλετο
724 1008 761 1070 ὧν
783 1015 813 1069 ἐκ
835 1013 885 1069 τοῦ
906 1009 999 1074 (ἕνεί-ι

175 1127 234 1178 ρου,
258 1099 398 1159 κατελθών
422 1104 449 1161 ἐς
471 1097 520 1162 τάς
542 1096 663 1173 Ἀθήνας
688 1099 733 1157 καὶ
757 1097 977 1174 ἀνασωσάμενος

176 1187 228 1264 τῆν
248 1187 345 1266 άρχῆν,
360 1186 538 1262 τελευτήσειν
559 1191 587 1244 ἐν
608 1189 643 1264 τῇ
665 1190 764 1244 ἑωυτοῦ
778 1186 901 1267 γηραιός.
944 1192 976 1246 ἐκ

174 1279 226 1354 μὲν
246 1277 280 1352 δῆ
300 1266 350 1351 τῆς
370 1274 450 1352 ὄψιος
464 1274 639 1350 συνεβάλετο
653 1279 749 1333 ταῦτα·
771 1274 835 1334 τότε
849 1275 878 1333 δὲ
892 1301 974 1352 κατη-

174 1364 314 1444 γεόμενος,
329 1368 412 1423 τοῦτο
433 1366 484 1440 μέν
501 1362 536 1422 τά
555 1361 714 1440 ἀνδράποδα
734 1361 770 1421 τοὶ
787 1362 818 1432 ἐξ
832 1361 975 1441 Ἐρετρίης

175 1451 306 1527 ἀπέβησε
327 1456 353 1514 ἐς
373 1451 424 1526 τῆν
437 1455 525 1526 νῆσον
538 1449 589 1526 τῆν
604 1450 736 1527 Στυρέων,
751 1452 922 1528 καλεομένην
942 1451 973 1512 δὲ

175 1539 329 1620 Αἷγίλειαν·
350 1544 432 1598 τοῦτο
449 1539 477 1596 δέ
492 1539 681 1619 καταγομένας
702 1543 729 1600 ἐς
748 1537 798 1598 τόν
812 1539 974 1616 Μαραθῶνα

176 1626 226 1690 τός
247 1629 308 1690 νέας
330 1626 429 1704 ὧρμιζε
451 1625 543 1695 οὕτως,
567 1626 703 1702 ἐκβάντας
726 1653 757 1685 τε
782 1631 809 1690 ἐς
831 1631 886 1708 γῆν
907 1627 973 1692 τούς

168 1715 340 1792 ,βαρβάρους
360 1715 501 1775 διέτασσε·
523 1715 571 1773 καί
583 1717 610 1772 οἶ
622 1719 710 1774 ταῦτα
724 1715 845 1774 διέποντι
866 1717 973 1790 ἐπῆλθε

173 1808 288 1882 πταρεῖν
300 1831 332 1864 τε
345 1806 390 1864 καὶ
403 1804 491 1881 βῆξαι
504 1802 623 1880 μεζόνως
637 1801 655 1878 ἢ
668 1801 703 1866 ὦς
720 1802 809 1862 ἐώθεε·
832 1803 877 1862 οἶα
897 1803 928 1863 δέ
944 1808 972 1864 οἱ

174 1894 358 1972 πρεσβυτέρῳ
379 1892 451 1952 ἐόντι
463 1895 519 1951 τῶν
532 1889 651 1950 ὀδόντων
665 1895 691 1950 οἱ
705 1895 820 1954 πλεῦνες
837 1893 971 1952 ἐσείοντο·

173 1981 276 2042 τούτων
295 1980 331 2040 ὧν
350 1982 396 2040 ἕνα
414 1983 469 2040 τῶν
485 1978 604 2039 ὀδόντων
622 1978 758 2054 ἐκβάλλει
771 1979 826 2039 όπό
839 1981 906 2056 βίης
917 1980 972 2057 βή·

174 2069 232 2139 ξας·
253 2069 426 2140 ἐκπεσόντοςΙ
439 2068 468 2127 δὲ
489 2073 516 2131 ἐς
536 2067 588 2143 τῆν
609 2067 726 2145 ψάμμον
742 2067 834 2138 αὐτοῦ,
849 2070 972 2130 ἐποιέετο

174 2157 286 2234 πολλῆν
307 2157 433 2232 σπουδῆν
446 2157 581 2232 ἐξευρεῖν·
603 2155 638 2218 ὥς
651 2156 681 2214 δέ
698 2154 746 2214 οὐκ
764 2157 972 2231 ἐφαίνετόιυὶό

173 2244 251 2313 όδοδν,
265 2244 452 2313 α’ναστενάξας
469 2243 528 2302 εἶπε
544 2243 615 2321 πρός
630 2243 694 2307 τούς
714 2244 905 2320 παραστάτας·
927 2245 972 2322 “vj

173 2336 211 2413 γῆ
227 2331 277 2407 ῆδε
295 2331 345 2390 οὐκ
357 2332 477 2410 ἡμετέρη
492 2333 561 2402 ἐστὶ,
577 2331 641 2391 οόδέ
652 2357 700 2409 μιν
714 2331 891 2409 δυνησόμεθα
904 2332 973 2394 ὕπο-

172 2421 279 2498 χειρίην
292 2419 478 2494 ποιήσασθαι·
495 2419 600 2480 όκόσον
610 2420 641 2478 δέ
655 2447 682 2480 τι
695 2446 745 2496 μοι
757 2421 842 2498 μέρος
854 2427 942 2498 μετῆν
955 2422 973 2482 ὁ

128 2511 184 2568 108
193 2507 262 2568 όδιδν
274 2507 409 2587 μετέχει.”
437 2509 547 2584 Ἱππίης
555 2511 607 2585 μὲν
617 2508 651 2584 δῆ
662 2508 749 2588 ταύτῃ
763 2508 815 2585 τῆν
828 2507 894 2588 ὄψιν
908 2536 974 2578 συν-

173 2596 294 2670 εβάλετο
315 2597 518 2673 ἐξεληλυθέναι·
539 2595 715 2672 Ἀθηναίοισι
732 2597 761 2655 δέ
777 2598 975 2679 τεταγμένοισι

172 2689 202 2744 ἐν
210 2686 317 2761 τεμένεϊ
329 2683 492 2762 Ἡρακλέος,
502 2685 627 2760 ἐπῆλθον
640 2685 808 2760 βοηθέοντες
817 2687 975 2750 Πλαταιέες

172 2773 317 2850 πανδημεί.
360 2773 405 2831 καὶ
426 2773 480 2855 γάρ
504 2782 549 2830 καὶ
570 2772 738 2832 ἐδεδοίκεσάν
760 2779 853 2848 σφεας
872 2773 975 2838 αὐτοῦς

173 2865 249 2920 τοῖσι
270 2860 446 2937 Ἀθηναίοισι
470 2863 496 2920 οἱ
520 2861 684 2930 Πλαταιέες,
710 2861 755 2920 καὶ
778 2860 880 2924 πόνους
903 2861 975 2939 όπέρ

172 2947 261 3008 αὐτῶν
281 2953 308 3008 οἱ
327 2947 471 3023 Ἀθηναῖοι
491 2947 611 3026 συχνοδς
625 2948 678 3025 ῆδη
695 2947 851 3025 άναιρέατο·
873 2949 975 3010 ἔδοσαν

172 3036 202 3094 δέ
218 3035 278 3095 ὦδε·
299 3035 470 3111 πιεζεύμενοι
488 3035 543 3094 όπό
557 3037 690 3112 Θηβαίων
709 3039 736 3096 οἱ
750 3038 907 3100 Πλαταιέες
921 3038 975 3098 ἐδί-

171 3124 259 3182 δοσαν
277 3127 372 3198 πρῶτα
390 3126 586 3202 παρατυχοῦσι
600 3123 758 3200 Κλεομένεΐ
776 3149 807 3183 τε
823 3127 862 3202 τῆ
875 3123 975 3196 Ἀναξ-

171 3210 300 3284 ανδρίδεω
319 3211 364 3266 καὶ
384 3211 629 3288 Λακεδαιμονίοισι
651 3212 743 3286 σφέας
764 3209 874 3274 αὐτούς·
896 3215 923 3272 οἱ
944 3212 976 3272 δὲ

171 3297 203 3356 οὗ
217 3295 359 3372 δεκόμενοι
372 3297 469 3378 ἔλεγόν
482 3309 538 3374 σφι
551 3299 626 3359 τάδε·
648 3299 754 3376 “ῆμεῖς
766 3299 818 3376 μὲν
832 3301 977 3378 ἑκαστέρω
