2258 3568
187 139 218 186 30
494 135 676 186 Ἠνοιουου
938 135 985 201 ιν.

187 218 297 297 τανηΐῳ,
314 217 363 276 καί
380 242 428 293 μιν
451 216 546 295 ἵδρυσε
564 217 682 278 ε’νθαῢτα
701 223 730 278 ἓν
744 222 782 297 τῷ
802 218 986 299 ἰσχυροτάτῳ·

187 306 344 388 ἐπηγάγετο
364 306 394 366 δὲ
412 305 463 366 τδν
483 305 671 367 Μελάνιππον
691 307 706 367 ὁ
724 308 905 384 Κλεισθένης,
928 311 987 387 (καὶ

186 395 241 473 γάρ
265 399 348 455 τοῦτο
369 395 411 454 δεῖ
436 393 662 477 ἀπηγήσασθαι)
684 395 719 459 ώς
746 398 878 475 ἔχθιστον
905 396 985 456 ε’άντα

186 481 341 564 Ἀδρήστῳ·
366 483 397 548 ὃς
417 483 516 544 τόντε
537 482 677 558 ἀδελφεόν
698 487 725 543 οἱ
747 485 895 560 Μηκιστέα
919 483 985 544 α’πε-

187 571 280 631 κτόνεε
301 572 347 632 καὶ
366 571 416 632 τάν
436 571 569 652 γαμβρόν
593 571 691 630 Τυδέα·
721 572 782 630 ε’πεί
800 598 831 631 τε
852 573 883 631 δέ
902 576 928 631 οἱ
952 572 985 632 τὸ

186 659 298 737 τέμενος
325 659 447 733 ἀπέδεξε,
477 661 576 722 θυσίας
598 685 628 718 τε
653 661 698 718 καὶ
722 659 804 736 ὁρτάς
827 659 985 737 Ἀδρήστου

186 746 360 829 ἀπελόμενος
374 749 454 808 ἔδωκε
469 753 508 827 τῷ
526 750 712 827 Μελανίππῳ.
754 751 780 807 οἱ
793 748 823 806 δὲ
841 747 984 811 Σικυώνιοι

186 836 309 897 ἐώθεσαν
326 837 489 918 μεγαλωστὶ
508 836 595 913 κάρτα
612 842 695 913 τιμᾶν
713 836 762 896 τόν
775 835 945 912 ΙἌδρηστον·
965 837 985 912 ἡ

186 925 241 1004 γάρ
263 925 341 1006 χώρη
364 925 397 1002 ἦν
418 924 487 1002 αὕτη
509 924 657 1000 Πολύβου·
688 924 703 984 ὁ
726 925 755 983 δὲ
771 921 930 1001 Ἀδρηστος
950 923 986 999 ἢν

187 1014 328 1091 Πολύβου
346 1014 531 1094 θυγατριδέος·
554 1012 637 1076 ἄπαις
650 1013 679 1072 δὲ
696 1013 833 1088 Πόλυβος
847 1016 984 1071 τελευτῶν

186 1101 258 1162 διδοῖ
281 1102 427 1183 Ἀδρήστῳ
453 1102 504 1178 τήν
533 1100 631 1179 άρχήν.
673 1100 708 1160 τά
735 1127 766 1160 τε
792 1101 826 1176 δή
853 1099 930 1158 ἄλλα
958 1103 984 1159 οἱ

187 1191 330 1255 Σικυώνιοι
352 1193 450 1268 ἐτίμων
469 1191 518 1250 τὰν
534 1189 702 1267 Ἀδρηστον,
728 1189 774 1247 καὶ
795 1188 828 1264 δή
847 1188 926 1264 πρὸς,
947 1183 983 1248 τά

185 1278 276 1340 πάθεα
290 1280 380 1339 -αύτοῦ
396 1283 555 1360 τραγικοῖσι
571 1281 684 1356 χοροῖσι
702 1277 851 1357 ἐγέραιρον,
864 1276 914 1335 τάν
931 1279 983 1352 μὲν
1003 1295 1008 1302 ”

185 1367 325 1428 Διόνυσον
346 1369 378 1426 οὗ
398 1369 549 1444 τιμέωντες,
576 1367 625 1426 τάν
653 1366 682 1424 δὲ
700 1363 869 1442 Ἄδρηστον·
898 1368 981 1423 Κλει-

186 1457 288 1532 σθένης
308 1457 337 1515 δὲ
357 1455 458 1535 χορούς
471 1458 522 1532 μὲν
535 1458 573 1532 τῷ
587 1453 716 1533 Διονύσῳ
732 1452 863 1522 ἀπέδωκε,
882 1451 934 1528 τήν
953 1453 982 1511 δὲ

185 1543 277 1619 ἄλλην
291 1545 391 1620 θυσίην
404 1548 441 1622 τηΑ
456 1543 640 1621 Μελανίππῳ.
681 1545 769 1601 ταῦτα
780 1543 832 1618 μὲν
846 1546 872 1602 ἒς
881 1540 982 1616 ’Ἀδρη-

139 1633 176 1690 68
185 1631 255 1691 στάν
269 1635 295 1691 οἱ
308 1633 452 1708 πεποίητο.
483 1631 577 1693 Φυλάς
590 1631 619 1689 δὲ
629 1629 679 1692 τάς
690 1630 824 1706 Δωριέων,
837 1629 881 1688 ἵνα
894 1627 928 1704 δή
940 1627 981 1704 μή

185 1723 214 1778 αἱ
227 1719 308 1779 αὐτοὶ
322 1721 387 1779 ἔωσι
399 1723 475 1778 τοῖσι
484 1719 659 1782 Σικυωνίοισι
672 1717 718 1776 καὶ
731 1721 807 1776 τοῖσι
819 1715 981 1796 Ἀργείοισι,

184 1809 326 1884 μετέβαλε
348 1812 375 1870 ἐς
396 1807 472 1866 ἄλλα
499 1805 648 1882 οὐνόματα·
684 1806 748 1864 ἔνθα
775 1805 820 1863 καὶ
846 1807 982 1864 πλεῖστον

185 1896 358 1976 κατεγέλασε
371 1899 425 1955 τών
445 1894 607 1958 Σικυωνίων·
629 1892 675 1952 ε’πὶ
687 1892 742 1972 γάρ
757 1893 804 1954 ύός
816 1918 847 1950 τε
862 1893 907 1951 καὶ
917 1891 982 1952 ὄνου

184 1983 234 2046 τάς
244 1984 397 2060 ἐπωνυμίας
407 1983 570 2059 μετατιθεὶς,
579 1980 648 2040 affui
658 1980 694 2039 τά
703 1983 849 2039 τελευταῖα
858 1981 981 2056 ἐπέθηκε,

183 2071 260 2148 πλήν
280 2077 330 2148 τῆς
351 2075 450 2130 ἑωυτοῦ
472 2073 574 2144 φυλῆς·
598 2068 685 2147 ταύτῃ
702 2067 731 2126 δὲ
750 2066 783 2127 τὰ
803 2066 907 2144 ούνομα
925 2067 981 2129 άπδ

184 2163 233 2236 τῆς
254 2163 354 2219 ἑωυτοῦ
374 2159 463 2236 α’ρχῆς
483 2158 569 2216 ἔθετο.
612 2154 688 2216 οὗτοι
707 2159 758 2232 μὲν
779 2155 813 2230 δή
832 2155 983 2236 Ἀρχέλαοι

186 2249 342 2307 ἐκαλέοντο·
372 2247 459 2321 ἕτεροι
480 2246 517 2315 δὲ,
538 2243 645 2305 Ὑᾶται·
677 2243 762 2304 άλλοι
783 2245 820 2314 δὲ,
842 2244 982 2306 Ὀνεᾶται·

185 2337 273 2413 ἕτεροι
291 2335 320 2394 δὲ
341 2337 500 2410 Χοιρεᾶται.
542 2333 668 2392 τούτοισι
683 2337 759 2392 τοῖσι
776 2331 912 2408 ούνόμασι
928 2338 983 2394 τῶν

185 2425 297 2497 φυλέων
314 2423 447 2502 ε’χρέωντο
466 2425 492 2481 οἱ
512 2421 655 2487 Σικυώνιοι
673 2422 719 2480 καὶ
738 2421 783 2479 ἐπὶ
797 2423 984 2486 Κλεισθένεος

186 2511 329 2590 ἄρχοντος,
339 2512 385 2569 καὶ
395 2511 498 2569 ε’κείνου
508 2511 656 2572 τεθνεῶτος
666 2509 705 2568 ἔτι
716 2507 758 2568 ἐπ’
769 2510 830 2568 ἔτεα
841 2509 983 2584 ἑξήκοντα·

184 2600 332 2676 μετέπειτα
347 2600 443 2676 μέντοι
461 2597 549 2679 λόγον
561 2599 650 2674 σφίσι
668 2597 768 2668 δόντες,
781 2599 943 2674 μετέβαλον
957 2605 985 2662 ε’ς

184 2687 249 2751 τούς
260 2687 380 2750 Ὑλλέας
394 2687 440 2745 καὶ
454 2686 632 2762 Παμφύλους
642 2687 688 2744 καὶ
698 2686 874 2763 Δυμανάτας·
888 2687 984 2766 τετάρ·

184 2803 248 2839 τους
258 2777 287 2835 δὲ
301 2776 412 2836 αύτοῖσι
422 2775 594 2852 προσέθεντο
605 2775 650 2834 ε’πὶ
659 2779 709 2834 τοῦ
720 2773 877 2852 Ἀδρήστου
885 2776 984 2840 παιδδς

185 2866 342 2945 Αἰγιαλέος,
376 2863 428 2940 τήν
455 2864 609 2940 ἐπωνυμίην
640 2862 798 2940 ποιεύμενοι
828 2865 985 2940 κεκλῆσθαι

185 2953 345 3033 Αἰγιαλέας.

138 3043 174 3101 69
225 3045 319 3100 Ταῦτα
326 3038 459 3116 μέννυνό
470 3038 616 3102 Σικυώνιος,
627 3039 802 3115 Κλεισθένης
814 3039 984 3116 ἐπεποιήκεε.

185 3129 201 3188 ὁ
222 3131 251 3187 δὲ
269 3129 303 3204 δή
322 3129 469 3204 Ἀθηναῖος
490 3129 672 3202 Κλεισθένης,
695 3127 745 3186 ε’ών
765 3133 815 3187 τοῦ
835 3130 985 3192 Σικυωνίου

184 3215 284 3276 τούτου
301 3217 477 3298 θυγατριδέος
495 3217 541 3274 καὶ
559 3215 591 3275 τά
609 3216 713 3292 οὕνομα
731 3218 777 3275 ε’πὶ
792 3215 891 3276 τούτου
905 3218 985 3296 ἔχων,

353 3305 362 3327 Q
543 3302 550 3322 Q

183 3305 290 3366 δοκέειν
302 3310 373 3383 ε’μοι,
387 3304 432 3363 καὶ
446 3301 525 3366 οὗτος
535 3304 668 3381 υπεριδών
676 3304 781 3377 Ἴωνας,
792 3304 886 3382 ἵναμή
897 3311 986 3381 σφισι
