2250 3552
149 139 224 205 4-7]
457 135 644 184 κιικιοιιυ.
670 148 672 152 ·
906 141 953 188 τοι

149 219 267 288 ἐποίεον,
288 215 305 278 ό
324 215 354 276 δέ
373 215 457 275 ἐπιεῖν
478 215 524 273 καὶ
545 213 579 290 δή
599 218 627 274 ἐν
647 217 682 293 τῇ
702 215 822 293 Βοιωτίῃ
840 217 954 296 ἐλέγετο

84 354 87 358 .
149 307 227 376 εἶναι,
246 305 317 365 οὕτω
338 303 372 379 δή
392 301 632 379 ὑπεξεκομίσαντό
650 328 682 361 τε
698 301 790 362 πόντα
809 303 855 361 καὶ
874 303 953 364 αὐτοὶ

149 395 287 471 διέβησαν
302 397 329 456 ἐς
348 394 505 467 Σαλαμῖνα·
528 394 555 453 ἐς
568 389 763 466 Λακεδαίμονά
779 415 810 450 τε
829 392 952 467 ἔπεμπον

149 483 296 563 α’γγέλους,
310 480 369 557 ἅμα
385 481 437 556 μὲν
452 479 648 556 μεμψομένους
664 481 741 538 τοῖσι
754 479 952 555 Λακεδαιμονία

148 595 206 628 οισι
226 569 269 630 ὅτι
287 567 425 645 περιεῖδον
443 565 607 644 ἐμβαλόντα
622 566 672 626 τόν
684 566 836 644 βάρβαρον
857 573 884 630 ἐς
899 567 951 643 τήν

148 655 284 733 Ἀττικήν,
314 655 379 716 ἀλλ’
408 655 440 715 οὗ
467 654 538 732 μετά
564 661 661 731 σφεων
685 654 821 730 ήντίασαν
848 660 875 718 ἐς
900 656 952 731 τήν

147 747 290 820 Βοιωτίην,
306 744 365 822 ἅμα
383 744 413 803 δέ
430 742 646 819 ὑπομνήσοντας
664 741 721 801 ὅσα
738 749 794 818 σφι
811 741 951 822 ῦπέσχετο

147 831 293 909 όΠέρυης
309 833 511 909 μεταβαλοῦσι
530 829 639 889 δαίσειν·
661 831 796 907 προεῖπαί
812 856 851 900 τε,
868 829 912 890 ὅτι
928 835 951 890 εἶ

146 919 186 996 μή
200 919 336 998 ἀμυνεῦσι
349 919 534 995 Ἀθηναίοισι,
549 918 585 982 αῖς
599 919 644 977 καὶ
658 918 740 978 αῦτοί
750 943 812 977 τινα
825 917 951 995 ἀλεωρήν

147 1007 320 1084 εὑρήσονται
365 1012 392 1068 οῖ
411 1007 466 1088 γὰρ
489 1007 523 1083 δή
550 1006 764 1083 Λακεδαιμόνιοι
784 1005 900 1083 ὅρταζόν
920 1033 950 1066 τε

146 1101 245 1157 τοῦτον
271 1097 322 1157 τόν
348 1096 450 1176 χρόνον
478 1097 527 1154 καί
551 1101 607 1171 σφι
633 1093 668 1171 ἦν
692 1094 845 1154 Ὑακίνθια·
886 1096 950 1173 περὶ

146 1185 285 1246 πλείστου
299 1183 322 1244 δ’
335 1185 405 1266 ἦγον
417 1184 453 1244 τό
470 1187 520 1244 τοῦ
539 1185 604 1244 θεοῦ
623 1183 782 1260 πορσύνειν·
804 1181 862 1259 ἅμα
875 1183 905 1242 δὲ
917 1183 950 1244 τό

145 1273 238 1352 τεῖχός
250 1280 307 1350 σφι
320 1274 353 1334 τό
367 1279 395 1332 ἐν
408 1277 447 1352 τῷ
458 1272 565 1350 Ἰσθμῷ
581 1273 711 1351 ἐτείχεον·
733 1271 778 1330 καὶ
794 1269 848 1347 ήδη
862 1270 948 1330 ἐπόλ-

147 1360 201 1430 ξεις
214 1361 369 1437 ἐλάμβανε.
423 1369 427 1374 ’

184 1449 234 1513 ,Ὡς
250 1449 280 1508 δὲ
299 1449 432 1509 ἀπίκοντο
453 1453 480 1511 ἐς
500 1447 552 1524 τήν
570 1447 764 1525 λακεδαίμονα
785 1451 812 1508 οἱ
832 1447 974 1529 ἅγγελοιῖ

145 1539 173 1597 οῖ
199 1536 246 1596 ἀπ’
272 1536 425 1612 Ἀθηναίων
452 1535 512 1613 ἅμα
534 1534 667 1617 ἀγόμενοι
694 1537 723 1594 ἐκ
750 1563 780 1596 τε
808 1538 948 1619 Μεγόρων

145 1624 283 1706 ιῖγγέλους
296 1627 343 1684 καὶ
356 1631 386 1685 ἐκ
400 1625 575 1692 Πλαταιέων,
590 1625 689 1705 ἔλεγον
704 1623 770 1684 τάδε
784 1626 948 1689 ἐπελθόντες

145 1714 192 1771 ἐπὶ
224 1713 289 1777 ποῦς
323 1713 451 1791 ἐφόρους·
494 1723 511 1748 “
521 1713 648 1789 ἔπεμψαν
680 1712 768 1789 ἡμέας
794 1712 946 1789 Ἀθηναῖοι,

144 1801 274 1880 λέγοντες
287 1801 331 1860 ὅτι
343 1802 411 1879 ἡμῖν
425 1800 566 1878 βασιλεῦς
579 1800 595 1860 ό
609 1800 721 1876 Μήδων,
735 1805 819 1861 τοῦτο
831 1804 883 1877 μὲν
895 1802 946 1877 τήν

142 1888 237 1966 χεόμην
250 1888 386 1963 ἀποδιδοῖ,
400 1893 483 1948 τοῦτο
500 1889 529 1948 δὲ
547 1889 714 1968 συμμάχους
733 1889 823 1949 ἐθέλει
841 1889 883 1947 ἐπ’
897 1890 946 1968 ἴση

142 2001 173 2034 τε
187 1977 234 2034 καὶ
247 1976 330 2056 ὁμοίῃ
344 1977 529 2053 ποιήσασθαι,
546 1975 609 2036 ἄνευ
623 2003 653 2036 τε
667 1977 752 2036 δόλου
769 1977 815 2034 καὶ
828 1976 944 2052 ἀπάτης·

144 2064 236 2124 ἐθέλει
249 2065 278 2124 δὲ
292 2066 338 2124 καὶ
355 2064 448 2142 ἅλλην
462 2063 556 2144 χώρην
574 2064 644 2141 πρός
659 2067 694 2143 τῇ
708 2064 829 2142 ἡμετέρη
843 2064 946 2124 διδόναι

142 2153 194 2228 τήν
214 2151 248 2213 ἂν
267 2153 346 2214 αὐτοὶ
367 2153 502 2230 ἑλώμεθα,
519 2153 599 2229 ήμεῖς
619 2153 649 2212 δὲ
670 2154 726 2212 Δία
745 2179 776 2212 τε
796 2152 945 2229 Ἑλλήνιον

142 2241 316 2306 αἰδεσθέντες
329 2241 375 2300 καὶ
388 2241 439 2317 τήν
456 2240 583 2299 Ἑλλάδα
600 2241 689 2300 δεινόν
707 2241 864 2318 ποιεύμενοι
878 2268 945 2320 προ·

142 2329 246 2398 δοῦναι,
267 2329 300 2388 οῦ
318 2330 527 2406 καταινέσαμεν,
544 2326 623 2387 α’λλκῖ
641 2328 827 2408 ἀπειπάμεθα,
846 2333 944 2409 καίπερ

142 2415 314 2493 ἀδικεόμενοι
343 2417 388 2476 ὑπ’
418 2417 563 2494 Ἑλλήνων
597 2419 643 2476 καὶ
672 2420 943 2498 καταπροδιδόμενοι,

143 2505 327 2583 ἐπιστάμενοί
344 2533 375 2566 τε
395 2506 438 2566 ότι
460 2506 678 2585 κερδαλεώτερόν
699 2513 761 2568 ἐστι
781 2508 944 2589 ὁμολογέειν

141 2595 181 2673 τῷ
203 2595 304 2672 Πέρσῃ
328 2599 441 2672 μᾶλλον
464 2594 536 2672 ήπερ
560 2597 718 2673 πολεμέειν·
750 2595 783 2655 οῦ
806 2600 858 2672 μὲν
882 2595 946 2655 οῦδέ

142 2681 360 2764 ὁμολογήσομεν
374 2682 481 2748 ἑκόντες
495 2684 574 2744 εῖναι.
616 2686 662 2743 καὶ
680 2684 713 2744 τό
725 2687 777 2760 μὲν
790 2683 837 2743 αἴτ’
851 2683 944 2760 ἡμέων

142 2768 213 2829 οὕτω
236 2770 394 2848 ἀκίβδηλον
422 2772 467 2833 ἐόν
495 2773 606 2850 νέμεται
634 2773 680 2832 ἐπὶ
705 2771 769 2835 τοῦς
790 2770 943 2847 Ἕλληνας·

142 2856 219 2934 ὑμεῖς
239 2859 277 2928 δέ,
299 2865 326 2922 ἐς
349 2864 447 2921 πεῖσαν
470 2860 605 2939 ἀρρωδίην
630 2860 695 2920 τότε
719 2858 883 2936 α’πικόμενοι
902 2859 943 2936 μή

141 2945 366 3028 ὁμολογήσωμεν
392 2953 430 3028 τῷ
458 2951 566 3028 Πέρση,
594 2951 656 3009 ἐπεί
680 2975 711 3008 τε
739 2948 884 3025 ἐξεμάθετε
910 2948 943 3009 τό

141 3033 275 3113 ήμέτερον
289 3037 421 3115 φρόνημα
439 3039 561 3113 σαφέως,
576 3037 619 3098 ότι
638 3037 746 3115 οὐδαμοῖ
761 3035 944 3114 προδώσομεν

141 3121 194 3199 τήν
205 3123 340 3195 Ἑλλάδα,
355 3127 402 3185 καὶ
420 3126 490 3187 διότι
510 3130 603 3205 τεῖχος
615 3126 680 3203 ῦμῖν
699 3127 744 3185 διαὶ
762 3129 812 3184 τοῦ
824 3123 943 3202 Ἰσθμοῦ

142 3212 326 3289 ἐλαυνόμενον
340 3219 369 3273 ἐν
384 3215 461 3274 τέλεί
479 3220 549 3284 ἐστι,
564 3215 610 3272 καὶ
628 3214 661 3289 δή
678 3213 766 3294 λόγον
780 3213 877 3272 οὐδένα
890 3217 944 3271 τῶν

141 3298 293 3376 ἸΑθηναίιυν
306 3302 446 3361 ποιέεσθε·
468 3301 634 3376 συνθέμενοί
645 3325 675 3360 τε
688 3300 756 3376 ήμῖν
768 3301 818 3366 τόν
829 3302 945 3376 Πέρσην
