2258 3568
148 155 261 222 2'2-26]
494 157 606 205 ΕΡΑΤΩ.
920 160 950 210 67

146 239 299 314 προέδωκε.
341 236 444 314 μισθός
461 236 493 296 δέ
505 239 532 296 οἱ
544 235 580 312 ἧν
594 237 735 314 εἰρημένος
753 237 770 297 ὅ
786 263 800 296 ε
820 236 876 298 όπά
896 241 952 299 τῶν

147 327 271 403 Σαμίων,
292 325 402 386 πάντων
423 329 479 384 τῶν
500 326 624 384 ἐπίπλων
646 325 692 384 καὶ
715 324 895 403 ἀνδραπόδων
914 327 950 386 τά

145 413 255 492 ἡμίσεα
275 415 450 492 μεταλαβεῖν
467 417 524 474 τῶν
541 418 571 473 έν
590 417 626 493 τῇ
646 413 724 484 πόλι,
737 413 773 474 τά
794 413 817 474 δ’
831 415 876 474 ε’πὶ
895 417 952 474 τῶν

146 502 242 583 ἀγρῶν
256 502 349 563 πάντα
362 502 548 580 Ἱπποκράτεα
568 501 730 584 λαγχάνειν.
770 502 836 568 τούς
848 503 950 580 μένδή

145 595 270 655 πλεῦνας
287 595 342 651 τῶν
357 591 521 672 Ζαγκλαίων
537 589 619 653 αάτός
634 596 662 651 έν
675 589 854 668 ἀνδραπόδων
874 591 951 673 λόγῳ

147 679 206 758 εἶχε
224 679 322 756 δήσας,
338 679 403 742 τούς
424 679 454 738 δὲ
476 679 644 756 κορυφαίους
665 679 755 740 αὐτῶν
775 681 951 757 τριηκοσίους

146 767 229 826 ἔδωκε
248 771 325 828 τοῖσι
341 768 475 845 Σαμίοισι
495 766 685 843 κατασφάξαι·
707 767 739 827 οὗ
757 769 852 844 μέντοι
873 771 902 828 οἶ
918 796 951 849 γε

146 855 251 932 Σάμιοι
265 856 402 931 ε’ποίησαν
415 859 513 916 ταῦτα.
554 856 663 932 Σκύθης
676 856 706 916 δὲ
718 855 735 916 ό
747 860 803 916 τῶν
813 858 949 938 Ζαγκλαί-
960 861 997 916 24

145 969 184 1003 ων
199 944 359 1023 μούναρχος
373 950 402 1004 έκ
416 948 466 1020 τῆς
479 943 585 1005 Ἰνόκου
602 943 775 1022 ἐκδιδρήσκει
789 950 816 1008 ές
828 945 946 1023 Ἱμέρην.

145 1037 176 1091 ἐκ
193 1033 223 1091 δὲ
243 1033 346 1109 ταύτης
365 1038 458 1110 παρῆν
477 1037 504 1096 ἐς
516 1032 568 1108 τήν
581 1031 689 1110 Ἀσίην,
705 1035 751 1092 καὶ
767 1033 857 1110 ἀνέβη
874 1035 950 1111 παρά

144 1121 273 1194 βασιλέα
288 1125 418 1198 Δαρεῖον·
440 1113 489 1180 καί
502 1147 551 1198 μιν
572 1122 686 1198 ε’νόμισε
701 1126 819 1198 Δαρεῖος
839 1123 949 1182 πάντων

144 1206 252 1285 ἀνδρῶν
274 1209 448 1270 δικαιότατον
463 1211 532 1271 εἶναι
546 1209 610 1271 ὅσοι
624 1217 654 1270 ἐκ
667 1215 718 1287 τῆς
730 1210 869 1273 Ἑλλάδος
884 1211 949 1288 παρ’

144 1296 246 1356 ἑωυτόν
263 1296 418 1374 ἀνέβησαν·
440 1299 486 1357 καὶ
498 1299 553 1380 γάρ
567 1299 812 1375 παραιτησάμενος
822 1301 949 1374 βασιλέα

145 1389 173 1448 ές
181 1387 313 1462 Σικελίην
326 1386 450 1456 ἀπίκετο,
462 1387 508 1445 καὶ
522 1385 598 1450 αὖτις
612 1392 642 1446 ἐκ
655 1391 705 1462 τῆς
714 1387 843 1463 Σικελίης
857 1387 948 1448 ὀπίσω
985 1465 988 1471 Ι

143 1474 221 1549 παρά
236 1475 372 1550 βασιλέα,
388 1480 415 1538 ές
429 1474 445 1534 ὃ
457 1474 543 1555 γήραϊ
556 1476 630 1556 μέγα
649 1474 749 1551 ὄλβιος
770 1473 822 1536 εἰόν
842 1477 947 1537 ε’τελεό-

142 1585 214 1636 τησε
235 1567 264 1621 ε’ν
279 1563 420 1641 Πέρσησι.
464 1563 566 1640 Σάμιοι
587 1563 617 1622 δὲ
637 1563 867 1644 ἀπαλλαχθέντες
884 1565 947 1641 Μή-

143 1647 205 1720 δων,
214 1650 335 1726 ἀπονητὶ
348 1651 432 1712 πόλιν
447 1653 605 1728 καλλίστην
614 1651 744 1734 Ζάγκλην
757 1653 947 1730 περιεβεβλή-

142 1763 205 1796 ατο.
248 1738 330 1797 Μετά
352 1739 382 1797 δὲ
403 1739 454 1815 τήν
478 1740 635 1818 ναυμαχίην
654 1740 706 1816 τήν
724 1740 792 1817 ὑπὲρ
814 1741 945 1816 Μιλήτου
954 1743 993 1800 25

141 1827 304 1906 γενομένην,
317 1826 441 1889 Φοίνικες
462 1827 652 1888 κελευσάντων
670 1830 804 1906 Περσέων
825 1833 946 1909 κατῆγον

143 1919 171 1977 ε’ς
193 1915 291 1992 Σάμον
312 1915 417 1974 Αἰάκεα
441 1915 702 1985 τόνΣυλοσῶντος,
727 1916 762 1979 ὦς
783 1921 895 1976 πολλοῦ
915 1943 947 1977 τε

142 2001 221 2072 ἀξιον
236 2003 386 2085 γενόμενόν
403 2011 492 2082 σφισι
506 2005 552 2062 καὶ
564 2004 677 2085 μεγάλα
692 2005 944 2087 κατεργασάμενον·

144 2094 189 2150 καὶ
211 2095 346 2168 Σαμίοισι
370 2093 500 2170 μούνοισι
523 2096 578 2152 τῶν
602 2091 785 2153 ἀποστάντων
810 2093 866 2154 ἀπό
889 2102 946 2153 Δα-

141 2181 226 2256 ρείου,
238 2181 284 2240 διά
297 2182 348 2257 τήν
360 2183 483 2259 ἔκλειψιν
496 2186 551 2241 τῶν
564 2186 631 2242 νεῶν
644 2187 699 2241 τῶν
710 2187 738 2242 ἒν
751 2173 945 2262 τῇναυμαχίη,

142 2266 206 2326 οὔτε
219 2269 238 2345 ἦ
252 2269 335 2332 πόλις
349 2269 412 2328 οὔτε
429 2269 464 2328 τά
488 2269 533 2346 ἱρά
554 2269 721 2346 ἐνεπρήσθη.
765 2271 895 2346 Μιλήτου
915 2273 945 2331 δέ

141 2355 279 2433 ἀλούσης,
294 2357 392 2416 αὐτίκα
410 2358 518 2434 Καρίην
538 2359 623 2436 ἔσχον
644 2361 670 2416 οί
687 2359 807 2435 Πέρσαι,
825 2360 875 2422 τάς
893 2363 946 2436 μὲν

141 2444 293 2527 ἐθελοντήν
312 2449 367 2505 τῶν
385 2447 492 2505 πολίων
510 2445 703 2523 ὑποκυψάσας,
722 2446 772 2508 τάς
789 2447 818 2506 δὲ
837 2447 945 2528 ἀνάγκη

140 2533 369 2614 προσηγάγοντο.
411 2538 499 2592 ταῦτα
512 2537 564 2610 μὲν
577 2533 611 2608 δή
626 2533 697 2594 οὕτω
711 2536 824 2615 ἐγίνετο.

180 2619 305 2700 Ἱστιαίῳ
323 2622 353 2680 δὲ
369 2627 407 2701 τῷ
420 2623 556 2702 Μιλησίῳ
571 2622 643 2682 ε’όντι
656 2623 720 2700 περὶ
734 2623 885 2694 Βυζάντιον
899 2625 944 2682 καὶ
953 2626 991 2683 26

140 2709 379 2786 συλλαμβάνοντι
397 2711 446 2772 τοὶς
458 2709 556 2770 Ἰάνων
577 2710 698 2774 ὁλκάδας
713 2712 894 2775 ε’κπλωούσας
914 2717 943 2771 έκ

139 2801 191 2855 τοῦ
212 2796 334 2866 Πόντου,
354 2799 553 2878 ἐξαγγέλλεται
574 2798 610 2857 τά
631 2800 694 2877 περὶ
713 2801 845 2876 Μίλητον
865 2799 942 2881 γενό-

139 2911 221 2962 μενα.
262 2885 299 2944 τά
313 2889 365 2962 μὲν
382 2885 415 2960 δή
434 2887 497 2962 περὶ
510 2885 726 2960 Ἑλλήσποντον
741 2889 841 2967 ἔχοντα
854 2889 942 2969 πρήγ-

140 2999 218 3048 ματα
248 2973 393 3049 ἐπιτράπει
423 2974 561 3053 Βισάλτῃ,
589 2973 821 3051 Ἀπολλοφάνεος
852 2977 940 3047 παιδὶ,

141 3059 300 3139 Ἀβυδηνῷ·
322 3061 404 3124 αὐτός
423 3063 452 3120 δὲ
471 3063 539 3140 ἔχων
558 3064 701 3137 Λεσβίους
720 3069 747 3125 ές
764 3065 835 3122 Χίον
853 3065 942 3131 έπλεε,

141 3149 188 3207 καὶ
207 3149 284 3209 Χίων
305 3153 415 3228 φρουρῇ
438 3149 469 3208 οὐ
487 3151 658 3226 προσιεμένη
679 3173 727 3224 μιν
749 3150 892 3221 συνέβαλε
914 3154 943 3205 ἐν

141 3236 279 3296 Κοίλοισι
300 3239 496 3314 καλεομένοισι
516 3239 566 3309 τῆς
579 3236 649 3309 Χίης
668 3232 769 3311 χώρης·
790 3231 893 3289 τούτων
912 3256 943 3288 τε

141 3325 177 3405 δή
195 3325 332 3402 ἐφόνευσε
351 3324 480 3404 συχνοῦς,
496 3323 542 3378 καὶ
558 3325 613 3378 τῶν
630 3321 736 3377 λοιπῶν
749 3316 825 3372 Χίων
843 3313 888 3370 οἶα
908 3313 942 3384 δή
