2276 3554
153 147 263 211 ιι-τι]
470 145 652 194 nomm
911 145 956 198 ιιι

152 227 271 287 ἐπίθετο
291 227 405 303 Ξέρξης,
423 225 497 284 δεινά
517 225 689 303 ποιεύμενος,
708 225 759 286 τόν
778 224 957 302 Ἑλλήσπον-

150 341 201 375 τον
222 316 333 374 ἐκέλευε
353 313 518 392 τριηκοσίας
533 315 679 374 ἐπικέσθαι
699 313 819 396 μάστιγι
836 314 956 396 πληγάς,

151 403 198 462 καὶ
219 408 341 463 κατεῖναι
357 408 385 466 ἐς
398 401 431 462 τό
445 402 570 484 πέλαγος
582 403 686 463 πεδέων
706 404 811 484 ζεῦγος.
852 401 906 480 ἤδη
926 403 956 464 δέ

149 491 260 568 ἤκουσα
275 491 309 555 ὦς
323 493 369 550 καὶ
382 493 496 573 στιγέας
509 489 568 568 ἅμα
586 491 712 552 τούτοισι
726 491 874 570 ἀπέπεμψε
895 493 955 552 στί-

149 581 250 650 ξοντας
270 580 320 640 τόν
335 578 562 655 Ἑλλήσποντον·
584 581 746 640 ἐνετέλλετο
767 579 801 656 δὴ
821 579 857 640 ὧν
875 581 955 657 ῥαπί-

149 669 249 740 ζοντας
262 669 356 750 λέγειν
365 667 505 745 βάρβαρά
517 694 548 727 τε
561 669 607 726 καὶ
621 667 781 728 ἀτάσθαλα·
796 666 843 726 “ὦ
856 668 956 746 πικρόν

149 755 232 834 ὕδωρ,
246 756 386 833 δεσπότης
398 783 443 816 τοι
457 757 535 832 δίκην
546 759 664 817 ἐπιτιθεῖ
675 756 765 832 τήνδε,
781 756 824 816 ὅτι
836 783 885 833 μιν
897 756 964 832 ἡδί·

150 871 242 920 κησαε
257 845 336 906 ούδέν
356 845 427 923 πρός
448 847 551 904 ἐκείνου
572 845 667 906 ἄδικον
686 844 786 904 παθόν·
809 845 854 904 καὶ
869 847 954 921 βασι-

149 934 217 996 λεύς
230 936 282 1011 μέν
295 935 402 1012 Ξέρξης
416 934 587 1010 διαβήσεταί
607 961 649 1004 σε,
663 933 698 1010 ἥν
714 961 745 994 τε
761 933 800 994 σύ
813 959 846 1015 γε
858 932 954 1013 βούλῃ

149 1019 185 1097 ἥν
198 1038 235 1082 ’τε
254 1023 304 1100 μή·
326 1024 375 1082 σοὶ
395 1024 425 1082 δέ
447 1024 516 1083 κατὰ
537 1025 614 1099 δίκην
631 1023 685 1100 ἄρα
702 1023 789 1086 οὐδεὶς
803 1021 952 1099 α’νθριύπων

150 1109 219 1181 θύει,
234 1111 269 1175 ὥς
282 1112 355 1172 ἐόντι
369 1113 475 1192 δολερῷ
494 1139 524 1171 τε
544 1113 590 1170 καὶ
611 1112 725 1191 ἁλμυρῷ
741 1109 883 1190 ποταμῷ·”
902 1110 954 1186 τήν

149 1223 181 1258 τε
201 1199 236 1275 δη
259 1200 412 1260 θάλασσαν
434 1202 594 1260 ἐνετέλλετο
614 1201 741 1260 τούτοισι
762 1201 885 1276 ζημιοῦν,
908 1200 954 1258 καί

149 1291 206 1347 τῶν
220 1289 396 1350 ἐπεστεώτων
408 1294 444 1368 τῇ
458 1290 531 1360 ζεύξι
549 1293 599 1349 τοῦ
612 1287 829 1364 Ἑλλησπόντου
849 1287 952 1347 ἀποτα-

148 1379 214 1450 μεῖν
228 1376 278 1439 τὰς
294 1377 434 1453 κεφαλάς,
473 1379 531 1436 Καὶ
545 1381 571 1436 οἱ
584 1380 637 1455 μὲν
649 1381 737 1436 ταῦτα
754 1377 862 1436 ἐποίεον
877 1380 952 1436 τοῖσι
962 1378 999 1435 36

149 1465 321 1540 προσεκέετο
342 1465 411 1542 αὕτη
424 1465 443 1542 ἡ
457 1465 556 1546 ἄχαρις
568 1465 646 1543 τιμή·
666 1465 716 1529 τὰς
730 1466 759 1524 δὲ
773 1464 858 1524 ἄλλοι
874 1463 952 1543 ιίρχι·

148 1553 277 1617 τέκτονες
297 1555 472 1636 ἐζεύγνυσαν·
494 1555 662 1636 ἐζεύγνυσαν
678 1554 707 1612 δὲ
724 1551 784 1613 ὦδε·
805 1579 953 1629 πεντηκον-

148 1641 247 1719 τέρους
262 1642 307 1701 καὶ
319 1643 447 1720 τριήρεας
458 1643 612 1714 συνθέντες,
622 1642 677 1702 ύπδ
690 1645 742 1718 μὲν
754 1641 806 1718 τὴν
819 1640 889 1718 πρδς
902 1645 953 1700 τοῦ

148 1729 283 1800 Εύξείνου
304 1730 415 1790 Πόντου
438 1730 572 1806 ἐξήκοντά
591 1757 623 1790 τε
643 1731 688 1789 καὶ
706 1730 878 1808 τριηκοσίας,
896 1727 952 1788 ύπδ

149 1818 181 1878 δέ
193 1818 246 1894 τήν
260 1819 354 1894 ἑτέρην
373 1820 627 1896 τεσσερεσκαίδεκα
649 1820 694 1878 καὶ
714 1819 884 1896 τριηκοσίας,
902 1820 953 1876 τοῦ

149 1909 203 1984 μὲν
217 1906 327 1966 Πόντου
346 1909 509 1984 ἐπικαρσίας
529 1911 579 1966 τοῦ
600 1907 629 1966 δέ
649 1905 865 1982 Ἑλλησπόντου
882 1903 953 1964 κατά

149 1995 226 2072 ῥόον,
238 1996 282 2054 ἵνα
294 1995 453 2074 ἀνακωχεύῃ
467 1995 516 2055 τδν
529 1994 611 2056 τόνον
624 1999 679 2055 τῶν
689 1995 793 2054 ὅπλων·
807 1993 953 2056 συνθέντες

150 2081 188 2152 δέ,
204 2082 326 2163 ἀγκύρας
340 2088 461 2158 κατῆκαν
475 2083 733 2162 περιμήκεας-τάς
745 2085 797 2161 μέν
814 2082 883 2159 πρός
902 2086 953 2141 τοῦ

151 2171 264 2230 Πόντου
279 2176 329 2247 τῆς
342 2171 442 2248 ἐτέρης,
458 2175 512 2231 τῶν
533 2170 641 2248 οἶνέμων
660 2172 760 2231 εἵνεκεν
780 2175 834 2230 τῶν
848 2171 950 2230 ἔσωθεν

149 2259 326 2330 ἐκπνεόντων,
340 2264 391 2335 τῆς
404 2261 433 2318 δὲ
447 2261 541 2336 ἐτέρης
559 2259 632 2342 [τῆς]
646 2259 715 2336 πρός
730 2260 849 2336 ἑσπέρης
861 2285 892 2317 τε
906 2259 952 2318 καὶ

148 2351 201 2406 τοῦ
219 2347 459 2428 Αἰγαίου-εὔρου
479 2349 510 2406 τε
528 2349 573 2406 καὶ
587 2347 669 2407 νότου
683 2347 781 2407 εἵνεκα·
803 2347 952 2408 διέκπλοον

148 2431 180 2494 δέ
192 2435 357 2512 ύπόφουσιν
373 2437 523 2496 κατέλιπον
535 2440 590 2496 τῶν
603 2437 824 2512 πεντηκοντέρων
838 2436 883 2494 καὶ
895 2461 952 2513 τρι-

148 2527 212 2602 χοῦ,
228 2523 273 2582 ἵνα
287 2523 333 2582 καὶ
346 2528 374 2586 ἐς
386 2523 436 2583 τόν
449 2523 560 2584 Πόντον
575 2525 625 2602 ἐχη
638 2523 654 2583 ὁ
667 2523 843 2600 βουλόμενος
855 2526 952 2584 πλέειν

149 2611 279 2672 πλοίοισι
300 2615 441 2681 λεπτοῖσι,
463 2613 509 2671 καὶ
530 2617 560 2670 ἐκ
582 2616 632 2671 τοῦ
650 2611 763 2672 Πόντου
784 2613 843 2683 ἐξω·
864 2615 952 2672 ταῦτα

141 2699 180 2780 Δδέ
192 2700 368 2776 ποιήσαντες,
383 2702 538 2760 κατέτεινον
552 2704 582 2759 ἐκ
594 2704 647 2782 γῆς
660 2702 866 2778 στρεβλοῦντες
882 2698 952 2760 όνοι-

150 2807 182 2848 σι
194 2787 335 2858 ξυλίνοισι
344 2788 379 2848 τιὶ
389 2787 474 2859 ὅπλα,
485 2787 576 2848 ούκέτι
588 2788 672 2868 χωρὶς
686 2788 800 2866 ἑκάτερα
813 2788 951 2859 τάξαντες,

149 2875 228 2935 α’λλά
241 2874 292 2936 δύο
304 2879 356 2954 μὲν
366 2877 529 2936 λευκολίνου
540 2877 692 2953 δασάμενοι
706 2881 733 2940 ἐς
741 2878 879 2954 ἑκατέρην,
888 2878 951 2937 τέσ·

149 2983 222 3042 ’σερα
243 2965 273 3024 δέ
294 2969 349 3025 τῶν
372 2965 530 3042 βυβλίνων·
556 2964 682 3043 παχύτης
703 2964 793 3041 μὲνὴ
815 2963 884 3040 αὕτη
907 2966 953 3024 καὶ

149 3051 287 3129 καλλονῆ,
302 3052 372 3112 κατά
392 3052 479 3134 λόγον
499 3053 529 3112 δὲ
548 3052 583 3128 ἦν
597 3053 802 3128 ἐμβριθέστερα
815 3052 850 3111 τά
864 3054 951 3110 λίνεα·

150 3145 200 3200 τοῦ
213 3140 353 3202 τάλαντον
366 3140 382 3200 ό
395 3143 487 3219 πῆχυς
501 3141 585 3198 εἷλκε.
628 3137 721 3210 ἐπειδὴ
741 3138 770 3193 δὲ
789 3136 951 3214 ἐγεφυρώθη

150 3228 166 3290 5
179 3228 276 3306 πόρος,
288 3227 409 3306 κορμούς
421 3228 511 3296 ξύλων
526 3225 746 3298 καταπρίσαντες
759 3221 805 3276 καὶ
818 3218 951 3290 ποιήσον-

148 3343 195 3382 m
214 3319 294 3381 ἴσους
311 3320 362 3392 τῆς
379 3315 495 3393 σχςδίης
515 3311 554 3384 τῷ
575 3309 655 3384 εὔρεϊ,
673 3305 769 3373 κόσμῳ
788 3301 951 3358 ἐπετίθεσαν
