2250 3552
132 159 169 216 ..6,
184 157 226 220 27]
440 154 625 203 KAAAIOHH·
694 151 696 155 ’
882 151 928 200 298

131 232 254 291 κατιέναι
266 233 449 307 Ἡρακλείδας
468 233 513 290 ἐπὶ
526 231 562 290 τά
577 231 711 306 πατρώϊα·
732 227 766 304 ἢν
780 229 809 287 δὲ
823 229 929 306 νικηθῇ,

132 321 166 381 τά
184 321 306 398 ἔμπαλιν
322 318 505 396 Ἡρακλείδας
524 318 773 387 ἀπαλλάσσεσθαι,
794 318 839 376 καὶ
859 315 929 376 α’πά-
975 323 980 333 “

131 436 191 491 γειν
217 409 269 486 τήν
294 409 437 486 στρατιήν·
470 408 567 470 ἑκατόν
588 435 619 468 τε
646 408 726 467 ε’τέων
747 405 786 482 μὴ
811 407 930 482 ζητῆσαι

133 497 249 558 κάτοδον
276 502 303 563 ές
331 498 561 573 Πελοπόννησον.
604 495 754 572 προεκρίθη
781 521 812 553 τε
838 493 872 570 δὴ
900 499 930 552 ε’κ

132 585 241 646 πάντων
257 585 414 664 συμμάχων
431 585 578 660 ε’θελοντὴς
597 583 721 662 Ἔχεμος
743 582 759 644 ό
780 582 929 660 Ἠερόπου,

131 678 181 734 τοῦ
201 675 316 755 Φηγέος,
336 673 493 755 στρατηγός
510 699 540 732 τε
559 672 610 732 ἐιύν
623 672 669 730 καὶ
682 671 822 749 βασιλεύς
834 671 930 748 ἡμέτε-

133 787 189 836 ρος·
210 763 256 820 καὶ
274 761 489 841 ἐμουνομάχησέ
503 787 534 821 τε
551 762 596 819 καὶ
610 761 751 822 ἀπέκτεινε
760 759 879 819 Ὕλλον·
901 764 931 818 ἐκ

132 848 231 908 τούτου
241 853 290 909 τοῦ
302 851 382 930 ἔργου
393 849 530 928 εύρόμεθα
541 855 570 908 έν
582 854 658 908 τοῖσι
674 848 931 923 Πελοποννησίοισι

132 939 208 997 τοῖσι
225 937 289 998 τότε
306 939 351 997 καὶ
367 937 444 997 ἅλλα
461 940 543 1019 γέρεα
563 938 682 1018 μεγάλα,
699 936 735 996 τά
755 936 932 1010 διατελέομεν

133 1025 249 1104 ἔχοντες,
267 1026 313 1085 καὶ
328 1032 378 1086 τοῦ
397 1027 489 1103 κέρεος
506 1030 556 1085 τοῦ
575 1027 668 1102 ἑτέρου
686 1026 739 1084 αἰεὶ
755 1022 931 1105 ἡγεμονεύειν

132 1118 225 1190 κοινῆς
239 1115 334 1184 ἐξόδου
354 1115 508 1196 γινομένης
523 1113 600 1191 ·ύμῖν
618 1115 669 1190 μέν
684 1139 740 1182 νυν,
759 1112 781 1171 ὦ
798 1111 930 1170 Λακεδαι·

132 1201 232 1276 μόνιοι,
245 1203 293 1260 ούκ
307 1202 481 1280 ἀντιεύμεθα·
496 1201 573 1261 α’λλᾶ
586 1201 706 1264 διδόντες
718 1201 826 1278 αἵρεσιν
840 1199 931 1259 όκοτέ-

132 1314 183 1364 ρου
195 1289 341 1364 βούλεσθε
357 1292 448 1367 κέρεος
462 1291 566 1369 ἄρχειν,
581 1292 722 1368 παρίεμεν·
739 1293 788 1349 τοῦ
798 1289 827 1348 δὲ
839 1289 931 1364 έτέρου

133 1379 227 1454 φαμὲν
243 1377 330 1454 ἡμέας
349 1381 489 1439 ἱκνέεσθαι
505 1379 689 1460 ἡγεμονεύειν,
708 1377 829 1454 κατάπερ
849 1381 877 1435 έν
894 1379 932 1455 τῷ

132 1463 241 1542 πρόσθε
264 1467 365 1545 χρόνῳ.
406 1469 489 1546 χωρίς
509 1494 540 1526 τε
559 1467 658 1526 τούτου
680 1470 730 1526 τοῦ
752 1465 931 1546 ἀπηγημένου

133 1554 222 1633 ἔργου,
253 1552 451 1630 α’ξιονικότεροί
474 1559 547 1632 εἶμεν
573 1555 726 1632 Ἀθηναίων
752 1553 854 1630 ταύτην
879 1553 932 1629 τήν

131 1641 210 1712 τάξιν
228 1643 309 1720 ἔχειν·
336 1643 443 1703 πολλοὶ
457 1645 509 1720 μὲν
524 1642 579 1724 γάρ
592 1668 622 1701 τε
636 1643 682 1701 καὶ
698 1641 727 1702 εὖ
741 1643 849 1722 ἔχοντες
862 1641 931 1718 πρός

132 1729 218 1806 ύμέας
230 1729 306 1806 ἡμῖν,
327 1731 422 1809 ἄνδρες
441 1733 623 1810 Σπαρτιῆται,
638 1730 739 1812 άγῶνες
758 1730 930 1810 ἀγωνίδαται,

131 1818 238 1876 πολλοὶ
256 1817 285 1876 δὲ
306 1819 351 1877 καὶ
369 1819 439 1896 πρός
458 1820 572 1884 ἄλλους·
594 1818 663 1879 οὕτω
677 1819 714 1879 ὦν
726 1818 814 1894 ἡμέας
827 1817 932 1876 δίκαιον

131 1906 205 1984 ἔχειν
217 1903 251 1965 τό
266 1905 359 1984 ἕτερον
374 1909 462 1985 κέρας,
478 1906 549 1986 ἤπερ
564 1908 736 1983 Ἀθηναίους·
758 1905 790 1966 ού
806 1903 861 1986 γάρ
875 1903 933 1978 σφί

131 1998 193 2054 ἔστι
208 1994 276 2076 ἔργα
289 1995 335 2054 οἶά
348 2022 400 2072 περ
414 1995 482 2073 ἡμῖν
496 1996 715 2078 κατεργασμένα,
730 1993 785 2053 οὔτ’
799 1992 836 2052 ὦν
850 1991 930 2050 καινὰ

131 2081 337 2141 ούτεπαλαιά.”

172 2174 209 2230 Οἱ
229 2174 281 2248 μέν
300 2174 389 2231 ταῦτα
410 2172 516 2252 ἔλεγον·
543 2170 687 2247 Ἀθηναῖοι
707 2169 737 2228 δὲ
758 2167 828 2246 πρός
843 2171 930 2228 ταῦτα
941 2169 978 2226 27

130 2257 312 2336 ύτεκρίναντο
330 2260 404 2318 τάδε·
426 2271 443 2295 “
453 2259 627 2335 ἐπιστάμεθα
643 2261 694 2335 μὲν
711 2258 831 2318 σύνοδον
850 2256 931 2333 τήνδε

130 2345 223 2425 μάχης
241 2348 330 2406 εἶνεκα
348 2353 522 2428 συλλεγῆναι
538 2348 607 2424 πρός
623 2347 673 2407 τόν
690 2347 848 2424 βάρβαρον,
865 2344 932 2405 ἀλλ’

75 2481 84 2500 ,
131 2433 163 2493 ου’·
183 2434 284 2515 λόγων.
326 2435 385 2493 ἐπεὶ
406 2434 435 2493 δὲ
457 2434 472 2495 ὁ
500 2436 637 2516 Τεγεήτης
663 2436 800 2512 προέθηκε
824 2434 932 2493 παλαιά

130 2522 177 2580 καὶ
197 2522 277 2582 καινά
297 2523 390 2604 λέγειν
410 2523 445 2583 τὰ
466 2525 621 2600 ἑκατέροισι
640 2528 668 2582 ἐν
686 2527 725 2601 τῷ
741 2522 824 2581 παντὶ
841 2520 932 2600 χρόνῳ

131 2611 319 2691 κατέργασται
334 2612 455 2690 χρηστά,
472 2611 626 2692 ἀναγκαίως
643 2611 711 2687 ἡμῖν
732 2610 788 2687 ἔχει
806 2609 932 2684 δηλῶσαι

130 2697 200 2774 πρός
220 2698 313 2775 ύμέας,
334 2698 398 2760 ὅθεν
419 2699 486 2775 ἡμῖν
506 2698 644 2776 πατράῖόν
674 2703 743 2766 ε’στι,
764 2700 841 2755 εὀῦσι
865 2721 932 2773 χρη-

130 2789 227 2845 στοῖσι
238 2789 298 2857 αἰεὶ,
313 2787 450 2864 πρώτοισι
464 2787 532 2847 εἶναι
545 2791 658 2864 μᾶλλον
671 2784 827 2862 ἢἈρκάσι·
847 2783 931 2860 Ἠρα-

130 2873 241 2936 κλείδας
258 2875 314 2934 τῶν
329 2872 405 2934 οὗτοι
424 2877 498 2951 φασὶ
514 2875 675 2934 ἀποκτεῖναι
694 2873 744 2934 τόν
760 2871 885 2954 ἡγεμόνα
903 2877 931 2931 έν

129 2958 243 3041 Ἰσθμῷ,
259 2966 341 3021 τοῦτο
359 2965 410 3040 μὲν
428 2963 542 3026 τούτους
555 2963 690 3040 πρότερον
705 2961 932 3036 ἐξελαυνομένους

129 3047 184 3108 ύπό
195 3049 305 3110 πάντων
315 3055 369 3110 τῶν
379 3050 523 3126 Ἑλλήνων
537 3057 564 3114 ἒς
577 3051 641 3114 τούς
654 3049 800 3110 άπικοίατο
815 3049 931 3127 φεύγον-
975 3069 978 3077 ’

128 3162 174 3199 τες
194 3137 367 3214 δουλοσύνην
387 3139 457 3216 πρὸς
481 3140 657 3214 Μυκηναίων,
678 3141 776 3214 μοῦνοι
799 3135 931 3203 ύποδεξά-

131 3252 217 3302 μενοι,
231 3226 283 3301 τήν
296 3226 458 3303 Είρυσθέος
468 3225 552 3302 ὕβριν
563 3227 735 3299 κατείλομεν,
750 3223 803 3281 σύν
817 3224 931 3280 κείνοισι

128 3313 208 3393 μάχη
229 3315 391 3391 νικήσαντες
406 3313 470 3374 τούς
485 3313 549 3372 τότε
567 3313 680 3388 ἔχοντας
701 3307 930 3380 Πελοπόννησον·

137 3395 239 3444 Π.-23
