2276 3554
197 141 229 186 ου
511 133 694 182 Ἤτοιουου
938 131 999 194 [vl.

196 214 393 291 ἀναλαβόντας
415 214 451 275 τοὶ
476 213 552 274 ὅπλα
574 214 687 291 χωρέειν
711 216 739 276 ἐς
761 210 826 274 τούς
846 209 998 292 Ἀργείους.

197 306 285 363 ταῦτα
306 302 352 361 καὶ
372 303 477 384 ἐγίνετο
494 301 623 362 ἐπιτελέα
641 305 670 359 ἐκ
687 304 741 360 τῶν
764 299 999 375 Λακεδαιμονίων.

197 390 314 468 ἀριστον
334 389 389 471 γάρ
411 390 601 466 ποιευμένοισι
622 392 699 447 τοῖσι
719 387 874 468 Ἀργείοισι
897 391 927 445 ἐκ
948 394 1000 448 τοῦ

198 478 372 559 κηρύγματος
393 478 533 536 ἐπεκέατο·
558 477 603 535 καὶ
624 475 749 538 πολλοός
768 478 820 552 μὲν
841 474 1000 550 ἐφόνευσαν

198 567 294 635 αὐτῶν,
309 571 408 644 πολλῷ
422 565 444 624 δ’
459 568 498 624 ἐτι
508 570 630 628 πλεῦνας
643 570 671 628 ἐς
683 563 716 624 τό
727 564 817 626 ἀλσος
830 567 880 622 τοῦ
890 563 999 644 Ἀργου

149 655 185 713 ΐ9
198 654 408 734 καταφυγόντας
428 647 612 731 περιῖζόμενοι
635 653 811 729 ἐφύλασσον.
852 649 999 712 Ἐνθεῦτεν

197 743 225 799 δὲ
239 740 254 801 ό
267 743 428 818 Κλεομένης
442 743 531 801 ἐποίεε
544 741 660 802 τοιόνδε·
682 742 751 819 ἔχων
765 738 939 816 αὐτομόλους
952 739 998 800 ἅν·

198 829 264 905 δρας
291 831 337 888 καὶ
358 830 564 906 πυνθανόμενος
589 829 701 898 τούτων,
731 827 857 898 ἐξεκάλεε
880 829 999 904 πέμπων

197 918 302 995 κήρυκα
327 917 465 995 ὀνομαστὶ
485 920 575 998 λέγων
598 921 653 976 τῶν
674 916 806 997 Ἀργείων
829 915 893 979 τούς
912 921 942 976 ἐν
959 923 998 996 τῷ

196 1009 244 1086 ἱρῷ
259 1005 457 1087 ἀπεργμένους·
485 1007 612 1076 ἐξεκάλεε
628 1007 665 1076 δέ,
684 1005 740 1080 φάς
761 1005 850 1065 αὐτῶν
869 1006 942 1084 ἐχειν
961 1007 997 1066 τά

195 1093 306 1154 ἀποινα·
327 1093 428 1154 ἀποινα
445 1094 475 1152 δέ
491 1100 551 1176 ἐστι
569 1095 827 1170 Πελοποννησίοισι
847 1092 894 1152 δύο
915 1095 996 1170 μνέαι

195 1183 361 1263 τεταγμέναι
385 1182 443 1242 κατ’
465 1181 552 1259 ἀνδρα
574 1183 752 1262 αἰχμάλωτον
774 1183 896 1241 ἐκτίνειν·
925 1184 996 1243 κατά

126 1306 133 1320 ·
194 1271 366 1346 πεντήκοντα
386 1271 420 1346 δή
442 1270 479 1330 ὧν
499 1275 552 1330 τῶν
575 1269 715 1350 Ἀργείων,
737 1269 772 1334 ὦς
799 1269 932 1333 ἑκάστους
954 1277 994 1330 ἐκ·

196 1357 370 1435 καλεόμενος,
400 1359 415 1417 ό
444 1360 606 1435 Κλεομένης
633 1359 741 1418 ἔκτεινε·
772 1362 860 1417 ταῦτα
887 1358 918 1420 δέ
944 1387 995 1423 κως

192 1444 325 1526 γινόμενα
342 1445 474 1522 ἐλελήθεε
490 1447 554 1510 τους
571 1446 688 1508 λοιποάς
703 1446 767 1508 τούς
784 1450 813 1504 ἐν
828 1449 866 1524 τῷ
878 1448 993 1523 τεμένεϊ·

193 1533 242 1592 ἀτε
261 1533 316 1614 γάρ
337 1539 443 1594 πυκνοῦ
465 1535 557 1598 ἐόντος
578 1537 629 1594 τοῦ
651 1533 763 1603 ἀλσεος,
788 1533 837 1593 οὐκ
866 1533 941 1608 ὥρων
968 1539 994 1595 οἱ

195 1620 272 1684 ἐντός
281 1621 346 1684 τούς
356 1621 435 1685 ἐκτός
449 1621 464 1682 ό
477 1649 505 1681 τι
518 1624 670 1699 ἔπρησσον,
682 1623 747 1699 πρίν
760 1647 793 1702 γε
804 1622 837 1697 δή
852 1623 940 1682 αὐτῶν
953 1649 994 1686 τις

195 1709 305 1786 ἀναβάς
319 1711 364 1769 ἐπὶ
378 1711 487 1788 δένδρος
502 1711 608 1770 κατεῖδε
621 1711 653 1771 τό
667 1711 839 1786 ποιεύμενον·
862 1709 994 1788 οὕκωνδή

147 1799 234 1861 θυέτι
251 1799 416 1875 καλεόμενοι
433 1799 560 1878 ἐξῄεσαν.
601 1797 739 1858 Ἐνθαῦτα
753 1798 786 1874 δή
801 1797 816 1857 ό
832 1799 994 1875 Κλεομένης

196 1888 305 1946 ἐκέλευε
325 1887 416 1947 πάντα
436 1888 498 1946 τινά
518 1891 573 1947 τῶν
589 1887 722 1946 εἱλωτέων
737 1877 871 1963 περινέειν
886 1885 940 1964 ὕλη
960 1886 993 1947 τά

192 1973 291 2038 ἄλσος·
312 1980 367 2036 τῶν
381 1976 410 2034 δέ
424 1975 602 2052 πειθομένων,
618 1975 752 2051 ἐνέπρησε
761 1973 794 2033 τό
805 1972 903 2036 ἀλσος·
919 2000 993 2034 καιο-

191 2065 276 2139 μένου
289 2065 318 2122 δέ
331 2064 392 2140 ἤδη,
408 2065 530 2140 ἐπείρετο
543 2066 598 2122 τῶν
611 2088 672 2122 τινα
683 2061 853 2138 αὐτομόλων,
864 2063 938 2124 τίνος
951 2064 993 2141 εἴη

193 2152 262 2211 θεῶν
281 2152 314 2211 τό
335 2151 441 2220 ἀλσος;
468 2151 483 2210 ό
507 2151 537 2210 δέ
561 2152 615 2227 ἔφη
635 2150 741 2230 Ἀργου
762 2150 840 2209 εἶναι·
865 2150 881 2209 ό
905 2151 935 2209 δέ
959 2151 993 2216 ὥς

190 2237 302 2313 ἤκουσε,
317 2238 505 2308 ἀναστενάξας
520 2240 594 2320 μέγα
615 2239 683 2297 εἶπε·
706 2250 722 2273 “
732 2237 753 2296 ὦ
764 2237 912 2298 Ἀπολλων
925 2266 992 2318 χρη-

192 2326 298 2402 στήριε,
323 2325 340 2401 ἦ
365 2327 494 2407 μεγάλως
517 2353 553 2403 με
577 2325 721 2402 ἠπάτηκας
745 2325 869 2403 φάμενος
888 2326 993 2408 Ἀργος

116 2449 118 2452 -
192 2413 327 2491 αἱρήσειν·
353 2414 562 2491 συμβάλλομαι
583 2414 605 2472 δ’
628 2415 733 2490 ἐξήκειν
753 2441 803 2491 μοι
822 2413 855 2474 τό
868 2417 992 2494 χρηστή-

144 2501 277 2580 81ριον.”
320 2502 401 2560 Μετά
422 2503 450 2561 δὲ
471 2507 566 2572 ταῦτα,
582 2501 597 2562 ό
613 2504 775 2579 Κλεομένης
787 2503 838 2577 τήν
851 2506 902 2579 μὲν
915 2505 993 2563 πλέω

192 2590 327 2667 στρατιήν
355 2589 444 2666 ἀπῆκε
469 2591 578 2650 ἀπιέναι
606 2596 633 2654 ἐς
658 2589 799 2668 Σπάρτην·
826 2591 936 2670 χιλίους
963 2591 993 2652 δὲ

191 2678 274 2742 αὐτός
295 2679 395 2754 λαβών
414 2679 479 2742 τούς
498 2678 628 2755 ἀριστέας
647 2678 690 2754 ἤϊε
710 2683 736 2741 ἐς
754 2678 787 2738 τό
808 2678 925 2754 Ἡραῖον
946 2679 993 2740 θό-

190 2793 257 2826 σων·
284 2767 462 2844 βουλόμενον
486 2767 515 2825 δὲ
539 2766 623 2826 αὐτόν
648 2765 722 2826 θόειν
745 2767 791 2825 ἐπὶ
817 2771 867 2825 τοῦ
891 2769 993 2845 βωμοῦ

192 2855 208 2915 ό
223 2855 295 2933 ἱρεός
310 2855 473 2936 ἀπηγόρευε,
489 2855 546 2930 φάς
560 2853 609 2914 οόκ
624 2855 704 2915 ὅσιον
720 2854 789 2914 εἶναι
803 2855 880 2934 ξείνῳ
894 2855 993 2917 αὐτόθι

191 2943 274 3002 θόειν·
296 2943 312 3002 ό
333 2944 362 3002 δέ
376 2945 539 3018 Κλεομένης
556 2943 605 3002 τόν
625 2944 685 3020 ἱρέα
704 2943 813 3002 ἐκέλευε
833 2943 898 3006 τούς
914 2945 992 3004 εἶλω

189 3056 239 3092 τας
261 3029 318 3089 α’πό
341 3034 391 3090 τοῦ
415 3032 514 3106 βωμοῦ
539 3029 698 3110 ἀπάγοντας
724 3035 916 3112 μαστιγῶσαι·
946 3035 993 3091 καὶ

191 3117 273 3179 αὐτός
294 3118 384 3186 ἔθυσε,
398 3116 521 3191 ποιήσας
542 3117 571 3174 δέ
591 3122 678 3176 ταῦτα
695 3117 779 3192 ἀπήῖε
793 3124 820 3180 ἐς
826 3118 884 3192 ,τήν
898 3119 993 3197 Σπόρ·

143 3206 249 3280 82την.
292 3204 483 3278 Νοστήσαντα
506 3204 536 3261 δέ
557 3230 605 3279 μιν
629 3205 737 3284 ἀπῆγον
762 3210 788 3264 οἱ
813 3207 909 3283 ἐχθροὶ
934 3206 992 3266 ὖπδ

188 3289 253 3351 τούς
268 3290 393 3366 ἐφόρους,
413 3289 535 3364 φάμενοί
544 3315 593 3362 μιν
609 3291 840 3365 δωροδοκήσαντα
858 3291 909 3350 οὐκ
931 3292 991 3354 ἑλέκ
