2276 3554
149 145 257 210 21-25]
463 143 647 193 HOAYMNIA,
900 143 946 190 133

147 229 205 299 μὲν,
219 224 365 284 κατιότατα
379 227 517 293 ἑστεῶτες,
532 222 670 298 ῶρυσσον·
692 223 782 300 ἕτεροι
795 221 825 282 δέ
837 221 947 298 παρεδί·

147 314 234 372 δοσαν
254 311 305 373 τόν
327 312 380 371 αἰεὶ
405 311 628 389 ἐξορυσσόμενον
650 313 721 390 χοῦν
744 309 862 369 ἄλλοισι
883 335 947 368 κατ-

147 401 248 479 ὀπερθε
271 404 389 461 ἑστεῶσι
412 400 457 459 ἐπὶ
474 398 600 476 βάθρων·
621 401 648 458 οἱ
668 397 691 458 δ’
712 397 747 458 αῦ
765 397 946 474 ἐκδεκόμενοι,

147 492 276 567 ἑτέροισι,
298 489 347 552 ἕως
370 487 503 548 άπίκοντο
525 493 553 552 ἐς
573 487 638 550 τοῦς
660 486 797 546 άνωτάτω·
819 483 896 546 οῦτοι
917 486 947 546 δέ

147 577 295 656 ἐξεφόρεόν
308 604 339 637 τε
353 578 398 636 καὶ
413 577 580 653 ἐξέβαλλον.
607 579 683 636 τοῖσι
695 575 748 653 μέν
760 601 808 635 νυν
820 573 947 645 ἄλλοισι,

146 667 221 744 πλήν
248 667 390 737 Φοινίκων,
418 665 670 747 καταρρηγνύμενοι
697 667 724 724 οί
752 663 869 741 κρημνοὶ
897 667 947 724 τοῦ

146 754 303 836 ὀρύγματος
322 754 408 814 πόνον
427 753 578 829 διπλήσιον
598 757 741 832 παρεῖχον·
762 751 811 812 ἅτε
824 751 878 832 γάρ
896 755 948 812 τοῦ

145 869 174 901 τε
187 841 244 902 ἅνω
258 843 400 920 στόματος
415 843 460 902 καὶ
473 846 523 902 τοῦ
537 841 610 901 κάτω
623 841 658 901 τά
672 840 741 900 αὐτά
754 841 843 918 μέτρα
856 866 946 899 ποιευ-

145 932 242 1006 μένων,
258 932 363 1008 ἔμελλέ
374 938 431 1007 σφι
444 935 554 991 τοιοῦτο
567 928 781 1006 ἀποβήσεσθαι·
803 931 830 988 οἱ
844 929 873 987 δέ
883 929 947 988 Φοί-

80 1078 86 1090 ,
146 1045 216 1082 νικες
226 1021 336 1095 σοφίην
349 1021 377 1079 ἐν
389 1046 420 1079 τε
433 1024 510 1079 τοῖσι
522 1017 640 1078 ῶλλοισι
654 1019 762 1098 ἔργοισι
774 1016 947 1077 α’ποδείκνυν·

145 1133 198 1178 τοι,
213 1108 260 1167 καὶ
279 1108 312 1184 δή
332 1109 378 1167 καὶ
397 1113 425 1168 ἐν
447 1108 547 1186 ἐκείνῳ·
568 1105 761 1186 ἀπολαχόντες
774 1106 829 1187 γάρ
849 1105 948 1182 μόριον

146 1193 215 1256 ὅσον
235 1194 348 1255 αύτοῖσι
365 1196 519 1272 ἐπέβαλλε,
534 1194 658 1273 ὄρυσσον
671 1193 704 1254 τό
717 1197 769 1271 μέν
782 1193 837 1253 ἅνω
853 1193 947 1270 στόμα

145 1287 195 1358 τῆς
207 1284 341 1362 διιύρυχος
354 1274 495 1346 ποιεῦντες
509 1282 661 1358 διπλήσιον
677 1281 695 1358 ἢ
710 1281 780 1342 ὅσον
795 1281 847 1344 ἔδει
861 1281 947 1358 αι’πήν

145 1371 196 1447 τήν
214 1371 336 1450 διώρυχα
354 1373 495 1452 γενέσθαι·
516 1372 720 1449 προβαίνοντος
739 1371 768 1429 δὲ
789 1374 839 1430 τοῦ
857 1373 946 1451 ἐργου,

145 1464 269 1540 συνῆγον
283 1461 345 1520 αἰεί·
367 1460 440 1520 κάτω
452 1486 483 1520 τε
496 1460 530 1536 δή
546 1460 659 1541 ἐγίνετο,
671 1461 715 1518 καὶ
730 1460 858 1529 ἐξισοῦτο
871 1463 947 1520 τοῖσι

145 1546 263 1608 άλλοισι
276 1549 308 1608 τό
324 1549 413 1630 ἔργον.
456 1549 573 1608 ἐνθαῦτα
587 1549 616 1607 δέ
630 1547 734 1625 λειμών
749 1553 818 1618 ἐστι,
834 1548 878 1608 ἶνα
891 1555 947 1624 σφι

145 1635 235 1717 α’γορή
247 1663 279 1696 τε
293 1636 398 1718 ἐγίνετο
412 1638 458 1696 καὶ
467 1636 630 1714 πρητήριον·
645 1639 724 1699 σῖτος
734 1635 766 1695 δέ
775 1643 863 1712 σφισι
877 1641 946 1695 πολ-

144 1725 196 1788 λός
217 1725 318 1801 ἐφοίτα
339 1729 369 1784 ἐκ
391 1729 441 1801 τῆς
461 1724 560 1800 Ἀσίης
581 1723 784 1802 ἀληλεσμένος.
826 1723 874 1787 Ὡς
893 1727 945 1801 μὲν
956 1728 992 1785 24

145 1814 194 1888 ἐμὲ
210 1812 466 1890 συμβαλλεόμενον
483 1811 627 1891 εύρίσκειν,
641 1811 896 1894 μεγαλοφροσύνης
910 1814 944 1872 εἶ-

145 1926 211 1959 νεκα
228 1899 296 1961 affra
311 1902 416 1978 Ξέρξης
430 1900 563 1979 ὀρύσσειν
577 1902 694 1972 ἐκέλευε,
710 1903 812 1962 ἐθέλων
825 1927 857 1961 τε
870 1901 946 1962 δόνα-

144 2013 193 2065 μιν
206 1987 423 2050 ἀποδείκνυσθαι
438 1990 483 2049 καὶ
496 1989 664 2067 μνημόσυνα
677 1991 821 2050 λιπέσθαι·
843 1991 947 2067 παρεόν

144 2076 200 2156 γάρ
221 2077 326 2154 μηδένα
347 2078 434 2139 πόνον
455 2078 599 2154 λαβόντας
621 2077 672 2138 τόν
694 2078 797 2155 ἰσθμόν
815 2077 865 2142 τάς
887 2080 947 2143 νέας

145 2163 291 2242 διειρύσαι,
312 2165 445 2243 ὀρύσσειν
466 2167 575 2226 ἐκέλευε
599 2165 719 2244 διώρυχα
742 2169 778 2244 τῇ
802 2166 946 2246 θαλάσση,

144 2251 225 2330 εὖρος
244 2252 280 2316 ῶς
298 2253 348 2314 δύο
368 2254 496 2332 τριήρεας
512 2255 608 2314 πλέειν
628 2254 699 2331 ὁμοῦ
717 2257 944 2332 ἐλαστρευμένας.

143 2344 222 2401 τοῖσι
235 2341 266 2400 δὲ
279 2341 392 2402 αύτοῖσι
404 2341 538 2416 τούτοισι,
553 2343 633 2402 τοῖσί
646 2369 698 2420 περ
716 2344 762 2402 καὶ
778 2343 811 2404 τό
828 2343 946 2426 ὄρυγμα,

144 2429 354 2506 προσετέτακτο
373 2431 420 2490 καὶ
436 2430 486 2491 τόν
499 2430 645 2508 Στρυμόνα
662 2431 790 2508 ποταμόν
807 2431 954 2502 ζεύξαντας

127 2521 320 2598 ,γεφυρῶσαι
979 2573 981 2578 .

185 2608 281 2665 Ταῦτα
293 2606 346 2683 μέν
358 2631 407 2666 νυν
420 2605 490 2666 οὕτω
501 2608 599 2666 ἐποίεε·
620 2607 847 2684 παρασκευάζετο
862 2609 891 2668 δέ
903 2610 947 2667 καὶ
957 2613 993 2667 25

143 2692 223 2754 ὅπλα
246 2698 274 2756 ἐς
294 2693 345 2757 τῶς
362 2694 487 2775 γεφύρας
504 2695 633 2772 βύβλινά
653 2722 684 2755 τε
707 2697 752 2754 καὶ
773 2697 947 2767 λευκολίνου,

144 2780 279 2852 ἐπιτάξας
300 2782 409 2852 Φοίνιξί
427 2781 459 2842 τὲ
480 2783 525 2842 καὶ
547 2785 727 2864 Αἰγυπτίοισι
749 2785 795 2843 καὶ
818 2787 896 2844 σιτία
913 2790 948 2865 τῇ

143 2873 266 2949 στρατιῇ
289 2871 490 2946 καταβάλλειν,
511 2872 555 2931 ἵνα
572 2870 612 2948 μή
634 2871 760 2950 λιμήνειε
781 2871 800 2948 ἡ
818 2874 947 2951 στρατιή,

141 2957 216 3034 μηδὲ
228 2957 265 3017 τά
278 2957 414 3038 ύποζύγια
429 2959 599 3036 ἐλαυνόμενα
610 2960 655 3018 ἐπὶ
668 2960 720 3036 τήν
733 2959 869 3020 Ἑλλάδα·
884 2961 947 3021 ὀνα-

143 3045 301 3123 πυθόμενος
318 3046 348 3105 δέ
368 3045 432 3110 τούς
444 3046 558 3125 χώρους,
573 3047 766 3124 καταβάλλειν
779 3051 889 3108 ἐκέλευε
906 3051 950 3108 ἶνα

144 3133 364 3209 ἐπιτηδειότατον
383 3135 433 3210 εἴη,
455 3134 546 3193 ἄλλον
567 3133 643 3210 ἄλλῃ
664 3133 824 3212 ἀγινέοντας
844 3133 948 3192 ὁλκάσι

142 3247 175 3281 τε
188 3223 236 3282 καὶ
249 3223 436 3299 πορθμηίοισι
452 3227 481 3280 ἐκ
497 3225 548 3296 τῆς
561 3221 660 3293 Ἀσίης
673 3217 858 3292 πανταχόθεν.
899 3217 949 3274 τῶν

143 3309 174 3370 δὲ
192 3309 231 3371 ῶν
249 3314 389 3370 πλεῖστον
410 3315 437 3372 ἐς
458 3306 568 3378 Λευκήν
585 3303 688 3375 Ἀκτὴν
711 3300 881 3372 καλεομένην
900 3303 949 3370 τῆς

150 3395 251 3447 Π.-·ῙῙ
