2250 3552
178 149 225 200 ιιι
377 181 383 194 .
480 146 663 196 ·ιιι>οιοτοι
884 142 980 206 [vm.

177 229 319 288 πείθεσθε·
340 231 452 286 πολλοῦ
465 227 518 306 γάρ
532 225 598 303 ύμῖν
611 224 675 294 ἄξια
688 228 783 291 ταῦτα,
798 227 821 282 εἰ
839 225 983 299 βασιλεύς

177 343 211 397 γε
227 315 244 374 0‘
262 317 350 397 μέγας
368 314 498 391 μούνοισι
515 313 581 390 ύμῖν
597 311 742 388 Ἑλλήνων
754 311 805 374 τάς
818 311 982 389 ἁμαρτάδας

178 403 267 468 άπιείς
281 405 370 464 ἐθέλει
385 405 470 479 φίλος
483 401 639 483 γενέσθαι.”

133 495 186 552 141
229 491 413 568 Ἀλέξανδρος
426 495 477 568 μὲν
490 495 577 551 ταῦτα
595 490 681 558 ἔλεξε·
722 489 936 566 Λακεδαιμόνιοι
950 490 982 549 δὲ

179 580 330 656 πυθόμενοι
339 579 415 655 ἥκειν
423 578 608 655 Ἀλέξανδρον
618 583 645 640 ἐς
657 575 777 653 Ἀθήνας
787 582 815 640 ἐς
824 576 982 658 ὁμολογίην

179 666 280 737 ἄξοντα
293 671 331 745 τῷ
345 667 485 746 βαρβάρῳ
497 665 669 742 Ἀθηναίους,
685 663 907 742 ἀναμνησθέντες
924 671 981 726 τῶν

181 758 291 836 λογίων,
306 755 341 818 ῶς
354 765 446 831 σφεας
458 753 542 833 χρεόν
556 760 617 814 ἐστι
630 753 689 831 ἅμα
701 757 778 812 τοῖσι
792 752 910 812 ἄλλοισι
919 760 980 812 Δω·

178 849 269 921 ριεῦσι
280 845 421 904 ἐκπίπτειν
432 848 461 902 ἐκ
472 841 694 918 Πελοποννήσου
703 840 758 901 ύπδ
772 841 876 918 Μήδων
888 867 919 901 τε
933 845 979 902 καί

178 930 339 1008 Ἀθηναίων,
362 931 449 1008 κάρτα
469 957 500 990 τε
523 931 631 990 έδεισαν
652 932 692 1008 μή
715 929 917 1011 ὁμολογήσωσι
941 937 980 1010 τῷ

180 1022 280 1100 Πέρσῃ
291 1013 441 1096 Ἀθηναῖοι,
453 1018 552 1080 αύτίκα
564 1019 596 1079 τέ
609 1025 665 1095 σφι
679 1019 754 1088 ἔδοξε
768 1019 886 1094 πέμπειν
896 1018 979 1100 άγγέ-

179 1112 255 1173 λους·
276 1111 319 1169 καί
340 1108 373 1185 δή
390 1109 542 1169 συνέπιπτε
564 1107 636 1167 ῶστε
652 1105 724 1186 ὁμοῦ
739 1106 835 1182 σφέων
850 1108 979 1186 γίνεσθαι

180 1197 231 1273 τήν
250 1197 433 1257 κατάστασιν·
456 1198 635 1273 ἐπανέμειναν
650 1195 705 1276 γάρ
719 1198 746 1254 οἶ
761 1194 904 1269 Ἀθηναῖοι
921 1195 978 1254 δια-

180 1285 372 1364 τρίβοντες,εὗ
386 1285 566 1363 ἐπιστάμενοι
580 1283 623 1344 ὅτι
637 1285 756 1360 ἔμελλον
766 1283 979 1362 Λακεδαιμόνιοι

179 1374 335 1436 πεύσεσθαι
352 1373 456 1450 ἥκοντα
472 1374 548 1450 παρά
562 1377 613 1433 τοῦ
628 1371 781 1450 βαρβάρου
796 1372 917 1452 ἄγγελον
936 1373 978 1432 ἐπ’

180 1461 327 1541 ὁμολογίῃ,
344 1463 499 1538 πυθόμενοί
514 1488 545 1521 τε
563 1463 684 1539 πέμψειν
702 1459 772 1520 κατά
790 1460 876 1539 τάχος
896 1459 978 1542 α’γγέ-

181 1553 256 1612 λους·
278 1550 402 1625 ε’πίτηδες
415 1549 452 1609 ῶν
462 1551 578 1618 ἐποίευν,
593 1549 790 1626 ἐνδεικνύμενοι
802 1552 877 1608 τοῖσι
889 1556 978 1608 Λακε-

135 1640 191 1696 142
201 1637 369 1714 δαιμονίοισι
382 1637 434 1714 τήν
454 1642 558 1698 ἑωυτῶν
573 1636 694 1718 γνώμην.
730 1636 779 1698 Ὡς
792 1637 822 1695 δὲ
836 1637 979 1696 ἐπαύσατο

180 1725 468 1807 λέγωνἈλέξανδρος,
480 1725 668 1802 διαδεξάμενοι
677 1727 774 1806 ἔλεγον
783 1727 809 1783 οἱ
819 1723 874 1784 ἇπό
885 1724 978 1800 Σπάρ-

180 1841 230 1891 της
243 1814 369 1896 ἄγγελοι·
404 1826 420 1850 “
429 1813 516 1890 ήμέας
530 1815 558 1873 δὲ
573 1815 699 1891 ἔπεμψαν
711 1811 924 1889 λακεδαιμόνιοι
938 1813 979 1872 δε-

181 1905 335 1980 ησομένους
348 1901 445 1980 ύμέων,
459 1902 531 1978 μήτε
547 1901 678 1979 νεῶτερον
691 1902 794 1961 ποιέειν
810 1901 895 1978 μηδὲν
908 1903 980 1961 κατά

181 1992 232 2067 τήν
244 1991 379 2062 Ἑλλάδα,
388 1990 458 2068 μήτε
471 1990 575 2072 λόγους
588 1990 746 2050 ἐνδέκεσθαι
758 1989 835 2067 παρά
848 1993 898 2049 τοῦ
908 1990 979 2068 βαρ

181 2079 283 2156 βάρου·
298 2079 361 2139 οὔτε
374 2079 429 2159 γάρ
444 2079 549 2139 δίκαιον
561 2077 687 2156 οὐδαμῶς
697 2077 761 2138 ούτε
775 2077 882 2154 κόσμον
893 2078 980 2156 φέρον

182 2167 245 2228 ούτε
258 2194 291 2247 γε
305 2166 422 2245 ἄλλοισι
435 2167 579 2242 Ἑλλήνων
593 2167 749 2244 οὐδαμοῖσι,
764 2165 830 2243 ύμῖν
843 2167 872 2226 δέ
885 2166 919 2242 δή
934 2169 981 2226 καί

183 2255 229 2314 διά
249 2255 358 2315 πάντων
380 2255 491 2331 ἥκιστα,
514 2259 630 2314 πολλῶν
650 2255 748 2314 εἵνεκα·
779 2255 901 2336 ἐγείρατε
924 2255 981 2336 γάρ

182 2342 262 2402 τόνδε
279 2343 329 2402 τὸν
344 2343 470 2419 πόλεμον
485 2343 571 2420 ύμεῖς,
588 2342 667 2402 οὐδέν
682 2341 775 2420 ήμέων
790 2344 980 2419 βουλομένων,

184 2432 230 2490 καὶ
243 2431 306 2507 περὶ
322 2435 371 2506 τῆς
384 2430 516 2508 ὑμετέρης
530 2431 619 2511 α’ρχής
633 2431 649 2491 ὁ
662 2429 737 2512 άγῶν
751 2431 868 2511 ἐγένετο·
889 2435 938 2491 νῦν
953 2431 982 2490 δὲ

185 2520 264 2597 φέρει
278 2520 324 2578 καὶ
338 2524 365 2582 ἐς
379 2524 474 2580 πᾶσαν
486 2520 538 2596 τήν
550 2519 686 2580 Ἐλλάδα.
728 2519 822 2582 άλλως
834 2545 864 2578 τε
878 2519 983 2580 τούτων

184 2607 311 2668 ἁπάντων
325 2608 428 2672 αἰτίους
441 2610 573 2689 γένεσθαι
586 2607 758 2683 δουλοσύνης
770 2611 847 2667 τοῖσι
855 2606 984 2683 Ἕλλησι

184 2694 354 2773 Ἀθηναίους,
372 2696 496 2774 οὐδαμῶς
514 2695 679 2774 ἀνασχετόν·
707 2695 806 2758 οἵτινες
819 2696 872 2754 αἰεὶ
888 2699 935 2754 καί
950 2698 984 2756 ro*

186 2785 275 2844 πάλαι
288 2787 424 2860 φαίνεσθε
437 2785 563 2848 πολλούς
576 2783 811 2860 ἐλευθερώσαντες
824 2783 985 2860 άνθριύπων·

184 2874 387 2949 πιεζευμένοισι
400 2873 493 2950 μέντοι
508 2869 572 2948 ύμῖν
585 2871 793 2952 συναχθόμεθα,
805 2872 850 2930 καὶ
864 2872 907 2932 ὅτι
921 2899 986 2951 καρ-

185 2964 245 3018 πῶν
269 2961 436 3035 ἐστερήθητε
458 2959 538 3028 διξῶν
558 2959 612 3036 ήδη
639 2961 685 3019 καὶ
711 2961 755 3020 ὅτι
778 2961 987 3038 οἰκοφθόρησθε

186 3046 287 3124 χρόνον
303 3046 356 3122 ήδη
378 3046 497 3107 πολλόν·
518 3046 579 3107 α’ντὶ
597 3047 700 3108 τούτων
716 3049 746 3108 δὲ
766 3047 832 3124 ύμῖν
851 3048 987 3108 λακεδαι-

186 3132 281 3208 μόνιοί
296 3159 327 3191 τε
345 3135 391 3191 καί
409 3137 436 3191 οἰ
452 3133 599 3212 σύμμαχοι
617 3137 842 3215 ἐπαγγέλλονται
854 3136 989 3216 γυναῖκάς

186 3244 217 3276 τε
240 3221 285 3277 καὶ
307 3219 342 3278 τά
364 3226 391 3282 ἐς
412 3220 539 3297 πόλεμον
562 3220 693 3299 ἄχρηστα
720 3224 846 3284 οἰκετέων
868 3225 989 3304 ἐχόμενα

188 3304 279 3363 πάντα
293 3307 458 3383 ἐπιθρέψειν,
470 3308 527 3366 ἐστ’
541 3307 574 3368 ἂν
588 3309 603 3367 ὁ
617 3310 742 3386 πόλεμος
755 3311 801 3370 ὅδε
816 3313 987 3390 συνεστήκῃ.
