2250 3552
136 151 177 208 ου,
195 149 237 213 29]
451 153 638 201 KAAmonfl.
688 149 689 154 ’
888 154 934 200 τοι

135 226 170 286 δέ
180 233 237 304 σφι
250 228 359 288 εἴλοντο
373 229 486 288 ἑστάναι
497 233 524 290 οἱ
535 233 708 307 Σπαρτιῆται
717 233 781 294 τούς
791 231 936 311 Τεγεήτας,

136 315 185 372 καὶ
197 319 280 392 τιμῆς
294 315 382 374 εἵνεκα
395 317 441 376 καὶ
453 316 561 395 ἀρετῆς·
582 317 685 379 τούτων
699 318 721 378 δ’
735 319 810 394 ησαν
823 317 937 377 ὁπλῖται

123 399 226 480 ’χίλιοι
247 404 293 462 καὶ
316 404 505 480 πεντηκόσιοι.
545 405 617 483 μετά
641 406 671 466 δέ
690 405 803 468 τούτους
825 403 938 466 ἵσταντο

137 491 294 568 Κορινθίων
316 495 549 572 πεντακισχίλιοι·
590 494 668 573 παρά
690 494 721 554 δέ
743 501 800 572 σφι
826 494 938 572 εὕροντο

137 578 214 654 παρά
227 581 395 641 Παυσανίεω
408 581 523 642 ἑστάναι
532 583 737 659 Ποτιδαιητέων
749 587 805 644 τῶν
818 588 847 643 ἐκ
858 588 937 642 Παλ-

136 666 225 743 λήνης
241 667 307 732 τούς
319 668 472 746 παρεόντας
484 672 669 747 τριηκοσίους.
710 671 814 731 τούτων
830 671 860 730 δὲ
878 671 938 750 ἐχό·

137 781 216 832 μενοι
237 755 352 817 ἵσταντο
365 756 497 835 Ἀρκάδες
513 758 691 838 Ὀρχομένιοι
707 759 858 830 ἑξακόσιοι·
878 758 939 820 τού·

137 868 192 902 των
214 842 252 913 δὲ,
275 844 418 908 Σικυώνιοι
439 847 603 926 τρισχίλιοι.
644 846 748 907 τούτων
775 847 805 906 δὲ
832 848 939 926 εἴχοντο

138 928 319 1009 Ἐπιδαυρίων
332 932 500 994 ὀκτακόσιοι.
520 934 597 1012 παρά
608 935 638 994 δέ
651 935 765 999 τούτους
774 936 939 1013 Τροιζηνίων

139 1018 295 1079 ἐτάσσοντο
313 1022 411 1100 χίλιοι.
453 1023 617 1099 Τροιζηνίων
633 1024 663 1082 δέ
679 1024 814 1102 ἐχόμενοι,
834 1031 939 1098 Λεπρε-

138 1107 225 1182 ητέων
235 1107 382 1184 διηκόσιοι·
395 1109 499 1170 τούτων
509 1111 546 1180 δὲ,
559 1111 725 1188 Μυκηναίων
736 1113 782 1170 καὶ
791 1112 939 1188 Τιρυνθίων

138 1195 324 1272 τετρακόσιοι.
364 1197 469 1260 τούτων
490 1199 520 1258 δὲ
541 1199 677 1280 ἐχόμενοι,
694 1200 827 1260 Φλιάσιοι
842 1205 940 1280 χιλιοι·

139 1282 215 1360 παρά
246 1284 276 1344 δέ
301 1285 415 1351 τούτους
442 1288 567 1348 ἔστασαν
591 1287 748 1366 Ἑρμιονέες
774 1289 939 1366 τριηκόσιοι.

138 1370 305 1448 Ἑρμιονέων
328 1373 357 1433 δὲ
378 1375 505 1453 ἐχόμενοι
527 1378 641 1437 ἵσταντο
662 1376 822 1455 Ἐρετριέων
842 1403 873 1438 τε
895 1379 940 1438 καὶ

139 1461 265 1538 Στυρέων
275 1462 425 1532 ἑξακόσιοι·
438 1465 543 1525 τούτων
553 1466 583 1525 δὲ
593 1466 746 1529 Χαλκιδέες
755 1467 940 1544 τετρακόσιοι·

138 1549 242 1609 τούτων
269 1550 306 1620 δέ,
332 1549 561 1630 Ἀμπρακιητέων
587 1554 775 1630 πεντηκόσιοι.
816 1555 887 1632 μετά
911 1556 940 1615 δέ

138 1637 261 1707 τούτους,
272 1640 429 1700 Λευκαδίων
438 1642 485 1700 καὶ
494 1641 679 1719 Ἀνακτορίων
689 1642 851 1704 ὀκτακόσιοι
860 1645 940 1704 ἐστο·

139 1751 205 1786 σαν·
220 1725 324 1786 τούτων
337 1728 367 1787 δὲ
381 1729 517 1808 ἐχόμενοι,
528 1733 640 1794 Παλέες
654 1735 680 1790 οῖ
694 1738 724 1791 ἐκ
739 1733 941 1807 Κεφαλληνίης

140 1814 287 1885 διηκόσιοι.
318 1817 390 1892 μετά
404 1818 434 1877 δὲ
446 1819 568 1890 τούτους,
583 1821 751 1901 Αἰγινητέων
764 1820 942 1896 πεντηκόσιοι

140 1900 310 1979 ἐτάχθησαν.
352 1905 427 1984 παρά
441 1906 471 1966 δέ
487 1907 600 1972 τούτους
620 1908 776 1968 ἐτάσσοντο
790 1909 943 1989 Μεγαρέων

139 1992 304 2069 τρισχίλιοι.
336 1993 444 2072 εἴχοντο
458 1995 488 2054 δὲ
500 1996 611 2066 τούτων,
625 1997 779 2058 Πλαταιέες
793 1995 942 2066 ἑξακόσιοι.

140 2083 295 2139 τελευταῖοι
309 2081 338 2140 δὲ
351 2083 397 2140 καὶ
410 2087 516 2160 πρῶτοι
528 2083 671 2164 Ἀθηναῖοι
685 2083 848 2154 ἐτάσσοντο,
863 2083 943 2160 κέρας

141 2170 251 2245 ἔχοντες
271 2168 304 2228 τό
327 2168 472 2247 εύιύνυμον,
489 2171 705 2251 ὀκτακισχίλιοι·
735 2171 903 2253 ἐστρατήγεε
919 2171 942 2231 δ’

140 2253 231 2315 αύτῶν
247 2255 420 2334 Ἀριστείδης
439 2258 455 2319 ό
473 2260 650 2340 Λυσιμάχου.
692 2259 776 2330 οὗτοι,
795 2260 871 2337 πλήν
889 2265 943 2320 τοῖν

140 2343 212 2402 ἑπτά
232 2345 296 2422 περὶ
317 2347 436 2407 ἕκαστον
455 2349 628 2430 τεταγμένων
649 2349 850 2429 Σπαρτιήτῃσι,
869 2349 943 2426 ἦσαν

140 2431 264 2502 ὁπλῖται,
276 2435 448 2500 συνάπαντες
458 2437 548 2500 ἐόντες
557 2437 676 2515 ἀριθμόν
686 2443 759 2515 τρεῖς
771 2465 802 2499 τε
815 2439 943 2516 μυριάδες

141 2521 188 2579 καὶ
206 2519 279 2581 όκτολ
293 2523 419 2602 χιλιάδες
435 2525 481 2583 καὶ
497 2526 674 2589 ἑκατοντάδες
690 2527 768 2585 ἐπτά.
810 2526 989 2586 Ὀπλῖται29

140 2610 192 2685 μὲν
208 2613 235 2669 οἱ
253 2609 355 2675 πάντες
373 2615 557 2694 συλλεγέντες
575 2616 620 2672 ἐπὶ
640 2614 690 2674 τόν
705 2613 856 2690 βάρβαρον
869 2613 943 2689 ἦσαν

140 2701 283 2757 τοσοῦτοι·
304 2697 395 2776 ψιλῶν
409 2701 438 2760 δὲ
452 2703 562 2777 πλῆθος
575 2701 610 2776 ήν
625 2701 698 2761 τόδε·
719 2705 769 2776 τῆς
785 2704 836 2777 μὲν
852 2703 943 2777 Σπαρ-

140 2790 264 2862 τιητικῆς
274 2787 367 2857 τάξιος
376 2791 601 2868 πεντακισχίλιοι
611 2790 657 2848 καὶ
667 2788 826 2866 τρισμύριοι
840 2788 943 2866 ἄνδρες,

141 2872 177 2936 ὦς
191 2873 290 2935 ἐόντων
303 2877 373 2936 ἑπτά
386 2878 450 2954 περὶ
465 2879 584 2938 ἕκαστον
597 2876 692 2954 ἄνδρα·
715 2878 760 2935 καὶ
773 2877 877 2936 τούτων
889 2882 945 2941 πιῖς

141 2987 183 3024 τις
205 2961 368 3040 παρήρτητο
390 2964 426 3029 αῖς
447 2971 474 3029 ἐς
497 2965 633 3043 πόλεμον·
664 2969 691 3025 οἱ
714 2965 743 3024 δέ
764 2968 818 3025 τῶν
839 2969 945 3024 λοιπῶν

141 3051 367 3129 Λακεδαιμονίων
394 3055 439 3113 καὶ
465 3053 611 3130 Ἑλλήνων
638 3054 726 3132 ψιλοὶ,
754 3051 789 3116 οῖς
816 3052 854 3116 εἶς
880 3054 944 3129 περὶ

143 3138 262 3200 ἕκαστον
281 3141 332 3202 ἐάν
350 3140 444 3220 όνδρα,
461 3142 641 3202 πεντακόσιοι
659 3143 705 3200 καὶ
724 3141 945 3218 τετρακισχίλιοι

142 3226 189 3284 καὶ
208 3229 369 3307 τρισμύριοι
398 3230 482 3306 ἦσαν·
504 3233 595 3308 ψιλῶν
614 3231 665 3306 μὲν
711 3229 719 3252 *
743 3232 798 3289 τοῖν
818 3227 945 3287 ἁπάντων

141 3315 273 3392 μαχίμων
297 3317 332 3393 ἦν
352 3318 385 3378 τά
409 3319 519 3394 πλῆθος
541 3318 572 3386 ἐξ
596 3341 627 3376 τε
652 3315 781 3392 μυριάδες
802 3317 848 3375 καὶ
869 3316 946 3374 ἐννέα
