2282 3550
183 145 230 194 ιιι
488 141 671 190 Ἦνοιουοτ
892 143 984 208 [vm.

183 245 278 302 γοντα·
304 219 411 282 ἰδόντας
429 219 459 279 δὲ
479 218 544 282 τούς
561 219 726 297 Κορινθίους
741 219 793 296 τῆν
811 227 986 302 στρατηγίδα

184 308 355 389 φεύγουσαν,
368 306 497 370 ὁσαύτως
510 308 648 384 οἴχεσθαι·
670 306 706 370 ὥς
719 307 749 366 δέ
762 306 817 385 άρα
830 310 986 390 φεύγοντας

183 396 313 477 γίνεσθαι
335 399 386 471 τῆς
409 395 581 472 Σαλαμινίης
605 395 675 455 κατοὶ
698 396 730 456 τὰ
754 395 813 473 ἱρόν
832 394 986 475 ’Ἀθηναίης

184 483 327 560 Σκιράδος,
341 485 515 561 περιπίπτειν
528 491 585 560 σφι
598 485 703 561 κέλητα
717 485 777 562 θείῃ
795 490 905 564 πομπῇ·
935 486 985 547 τόν

183 572 247 632 ούτε
260 574 414 650 πέμψαντα
423 576 545 648 φαιοῆναι
562 572 667 642 οὐδένα,
682 571 745 633 οὔτε
757 599 785 633 τι
797 577 853 634 τῶν
865 573 922 634 άπδ
935 579 985 651 τῆς

184 665 318 737 στρατιῆς
338 661 426 722 εἰδόσι
452 662 668 738 προσφέρεσθαι
693 665 770 721 τοῖσι
796 663 984 739 Κορινθίοισι·

183 748 249 828 τῇδε
270 749 299 808 δὲ
319 750 538 826 συμβάλλονται
560 750 628 810 εἶναι
649 751 724 810 θεῖον
743 749 776 810 τό
796 755 924 832 πρῆγμα·
949 752 985 815 οἷς

183 838 238 918 γάρ
251 837 342 921 ἀγχοῦ
356 840 488 920 γενέσθω
499 842 554 898 τῶν
566 843 639 914 νηῶν
648 839 713 902 τούς
726 839 782 899 α’τὸ
796 843 845 899 τοῦ
859 841 984 916 κέλητος,

184 928 278 1007 λέγειν
297 926 371 1000 τάδε·
393 938 410 962 “
419 926 589 1003 Ἀδείμαντε,
603 926 641 987 σύ
661 930 713 1004 μὲν
733 927 914 1005 ἀποστρέψας
935 927 986 991 τάς

184 1019 257 1089 ναῦς,
271 1021 298 1080 ἐς
309 1015 402 1096 φυγῆν
416 1014 545 1093 ὥρμησαι
559 1015 748 1093 καταπροδοῦς
758 1015 822 1080 τούς
830 1015 984 1091 Ἕλληνας·

184 1106 211 1162 οἱ
230 1104 260 1162 δὲ
274 1105 320 1162 καὶ
333 1104 367 1180 δῆ
381 1108 486 1173 νικῶσι,
501 1102 571 1163 ὅσον
585 1103 665 1163 αύτοὶ
676 1102 783 1180 ἠρῶντο
798 1109 984 1181 ἐπικρατῆσαι

184 1195 239 1251 τῶν
260 1190 391 1272 ἐχθρῶν·”
424 1196 512 1251 ταῦτα
532 1191 669 1273 λεγόντων
695 1191 839 1252 α’πιστέειν
857 1192 912 1274 γάρ
936 1193 984 1253 τόν

183 1277 371 1358 Ἀδείμαντον,
386 1280 463 1344 αὖτις
475 1280 540 1339 τάδε
558 1281 659 1361 λέγειν,
674 1279 710 1344 ὦς
722 1280 801 1340 αύτοὶ
819 1281 917 1340 οἷοίτε
931 1281 985 1340 εἶεν

184 1366 317 1448 ἀγόμενοι
335 1368 436 1446 ὅμηροι
453 1367 650 1444 ἀποθνήσκειν,
665 1367 699 1444 ἣν
716 1368 756 1446 μῆ
775 1373 900 1433 νικῶντες
920 1371 985 1446 φαί-

183 1481 282 1516 νωνται
306 1459 333 1516 οἱ
354 1456 502 1533 Ἕλληνες·
544 1456 614 1516 οὕτω
638 1456 672 1532 δῆ
697 1456 915 1534 ἀποστρέψαντα
933 1457 986 1533 τῆν

186 1548 240 1618 νῆα
261 1544 345 1605 αὐτόν
365 1571 396 1604 τε
416 1546 461 1604 καὶ
479 1545 544 1609 τούς
562 1543 674 1618 ἄλλους,
697 1544 739 1603 ἐπ’
755 1546 985 1625 ἐξεργασμένοισι

185 1633 278 1692 ἐλθεῖν
304 1638 331 1696 ἐς
357 1631 390 1693 τό
414 1632 614 1710 στρατόπεδον.
658 1632 772 1696 τούτους
797 1635 849 1710 μὲν
869 1632 986 1710 τοιαύτη

184 1719 269 1796 φάτις
295 1722 352 1800 ἔχει
379 1721 433 1781 find
459 1720 622 1798 Ἀθηναίων·
665 1719 697 1780 ού
723 1722 818 1798 μέντοι
846 1719 928 1780 αύτοί
951 1749 986 1803 γε

185 1811 330 1886 Κορίνθιοι
357 1809 555 1891 ὁμολογέουσι,
583 1809 647 1869 ἀλλ’
675 1815 704 1869 ε’ν
729 1810 866 1887 πριύτοισι
892 1811 986 1886 σφέας

185 1897 285 1962 αύτούς
297 1903 348 1975 τῆς
360 1899 514 1976 ναυμαχίης
530 1900 675 1975 νομίζουσι
690 1899 831 1978 γενέσθαι·
852 1904 987 1976 μαρτυρεῖ

184 1987 216 2046 δέ
227 1993 283 2063 σφι
297 1988 342 2046 καὶ
355 1986 374 2063 ἦ
388 1985 464 2062 άλλη
476 1985 592 2049 Ἑλλάς.

138 2077 175 2135 95
224 2073 398 2152 Ἀριστειδης
414 2073 472 2134 δέό
489 2073 665 2153 Λυσιμάχου,
681 2073 752 2152 άνῆρ
765 2073 921 2150 Ἀθηναῖος,
934 2080 986 2135 τοῦ

187 2163 233 2222 καὶ
245 2161 332 2244 όλίγιρ
342 2189 370 2222 τι
379 2162 515 2240 πρότερον
528 2161 632 2222 τούτων
645 2161 824 2239 ἐπεμνήσθην
838 2161 874 2225 οἷς
886 2161 987 2240 α’νδρός

184 2251 309 2328 ἀρίστου,
325 2249 404 2314 οὗτος
423 2256 451 2310 ἒν
468 2255 507 2328 τῷ
524 2251 635 2331 θορύβῳ
653 2249 741 2330 τούτῳ
758 2254 796 2329 τῷ
811 2250 875 2326 περὶ
892 2251 986 2314 Σαλα-

184 2343 252 2416 μῖνα
277 2339 414 2420 γενομένῳ
440 2337 506 2397 τάδε
526 2339 625 2398 ε’ποίεε·
659 2338 835 2416 παραλαβῶν
858 2339 987 2404 πολλούς

184 2431 239 2487 τῶν
252 2426 388 2487 ὁπλιτέων
404 2425 431 2485 οἳ
445 2426 658 2504 παρατετάχατο
676 2426 754 2504 παρά
768 2426 819 2502 τῆν
836 2426 922 2502 άκτῆν
934 2432 988 2503 τῆς

185 2516 357 2593 Σαλαμινίης
376 2514 476 2593 χώρης,
503 2515 583 2595 γένος
603 2514 693 2578 ἐόντες
712 2513 864 2591 Ἀθηναῖοι,
886 2520 913 2577 ἐς
932 2516 988 2590 τῆν

184 2605 357 2664 Ψυττάλειαν
373 2609 461 2679 νῆσον
482 2602 613 2679 ἀπέβησε
634 2603 715 2684 άγων,
737 2603 764 2662 οἳ
784 2602 848 2666 τούς
869 2603 988 2680 Πέρσας

183 2694 247 2757 τούς
261 2699 290 2753 ε’ν
304 2696 339 2771 τῇ
353 2692 446 2768 νησίδι
458 2690 545 2770 ταύτῃ
559 2691 767 2766 κατεφόνευσαν
780 2691 893 2754 πάντας.

138 2785 175 2842 96
224 2782 272 2844 Ὡς
295 2781 325 2840 δὲ
351 2780 370 2856 ῆ
391 2781 531 2858 ναυμαχίη
551 2779 704 2849 διελέλυτο,
727 2780 937 2857 κατειρύσαντες
959 2785 988 2844 ε’ς

184 2871 235 2945 τὴν
249 2873 396 2945 Σαλαμῖνα
410 2872 437 2928 οἱ
450 2867 590 2943 Ἓλληνες
604 2872 659 2928 τῶν
675 2870 811 2949 ναυηγίων
828 2867 884 2928 ὅσα
897 2868 988 2949 ταύτῃ

185 2957 318 3037 ἐτύγχανε
329 2957 368 3015 ἔτι
379 2957 467 3026 ε’όντα,
479 2959 585 3032 ε’τοῖμοι
594 2954 669 3032 ἦσαν
679 2962 707 3020 ἒς
716 2957 809 3033 άλλην
819 2958 985 3035 ναυμαχίην,

186 3046 343 3114 ἐλπίζοντες
365 3048 433 3121 τῇσι
459 3042 641 3122 περιεούσῃσι
661 3046 744 3119 νηυσὶ
765 3047 805 3104 ἔτι
824 3043 989 3124 χρήσεσθαι

184 3130 320 3203 βασιλέα·
340 3135 395 3188 τῶν
408 3131 437 3189 δὲ
451 3129 588 3209 ναυηγίων
600 3133 697 3191 πολλά
714 3132 869 3210 ύπολαβών
886 3131 990 3209 άνεμος

185 3215 311 3290 ζέφυρος,
339 3219 420 3292 ἔφερε
446 3222 496 3292 τῆς
522 3215 651 3294 Ἀττικῆς
678 3222 724 3279 ε’πὶ
750 3221 802 3297 τῆν
829 3221 910 3296 ἠϊόνα
933 3222 990 3297 τῆν

186 3303 357 3377 καλεομένην
368 3305 511 3363 Κωλιάδα·
526 3305 598 3365 ὥστε
609 3305 778 3383 άποπλῆσαι
792 3309 841 3369 τόν
850 3312 990 3388 χρησμόν
