2250 3552
139 179 250 244 43—46]
453 182 640 231 ΚΑΛΛῙΟΠΗ.
895 182 941 230 303

140 263 290 332 τηνικαῦτα
303 255 487 336 προσελάσας
501 262 575 340 ἵππῳ
592 261 662 337 πρός
680 261 729 322 τὰς
746 260 874 335 φυλακάς
891 259 941 322 ταῖς

140 345 294 420 Ἀθηναίων
315 347 498 424 Ἀλέξανδρος
521 349 537 409 ό
561 349 708 424 Ἀμύντεω,
733 347 891 428 στρατηγός
912 373 943 407 τε

142 431 192 490 ἐεδν
205 435 251 492 καὶ
263 435 403 511 βασιλεῦς
417 437 592 506 Μακεδόνων,
608 436 714 511 ἐδίζητο
730 439 807 496 τοῖσι
824 461 943 512 στρατη-

144 524 219 600 γοῖσι
243 527 270 586 ἐς
293 523 396 603 λόγους
418 525 519 584 ἐλθεῖν·
553 529 608 584 τῶν
630 525 659 583 δὲ
681 523 814 600 φυλάκων
840 527 866 583 οἱ
892 527 944 600 μὲν

141 612 257 673 πλεῦνες
270 612 433 688 παρέμενον,
448 615 475 672 οἱ
488 612 510 671 δ’
529 614 605 672 ἔθεον
619 613 665 672 ἐπὶ
678 613 743 675 τούς
759 612 942 694 στρατηγούς·

141 695 270 761 ἐλθόντες
288 699 317 756 δὲ
336 701 441 780 ἔλεγον,
457 699 492 763 οἷς
513 699 656 777 ἅνθρωπος
676 699 739 774 ἥκοι
755 699 796 758 ἐπ’
811 701 897 759 ἵππου
913 705 943 758 ἐκ

141 787 192 842 τοῦ
215 787 406 861 στρατοπέδου
429 793 479 847 τοῦ
504 789 616 864 Μήδων,
644 787 674 850 ὃς
695 785 769 846 ἄλλο
790 790 842 863 μέν
866 787 943 846 οὐδὲν

141 878 320 954 παραγυμνοῖ
337 876 408 948 ἔπος,
429 874 604 956 στρατηγοδς
621 876 658 945 δὲ
671 874 820 952 ὀνομάζων,
839 875 943 934 ἐθέλειν

141 961 215 1034 φησὶ
229 967 256 1024 ἐς
269 963 372 1043 λόγους
386 965 486 1024 ἐλθεῖν.
529 967 566 1023 Οἱ
584 964 614 1024 δέ
628 965 687 1023 ἐπεὶ
706 967 794 1022 ταῦτα
808 961 941 1037 ἤκουσαν,
952 968 990 1022 45

141 1049 239 1107 αότίκα
267 1051 378 1111 εἵποντο
403 1057 430 1115 ἐς
451 1053 501 1116 τὰς
526 1052 663 1128 φυλακάς·
698 1050 893 1126 α’πικομένοισι
914 1051 943 1108 δὲ

140 1136 220 1216 ἔλεγε
241 1137 424 1216 Ἀλέξανδρος
441 1141 516 1199 τάδε·
545 1140 666 1217 ((ἅνδρες
683 1139 834 1210 Ἀθηναῖοι,
856 1164 942 1215 παρα-

141 1223 228 1300 θήκην
245 1225 310 1302 ὖμῖν
328 1228 363 1287 τοὶ
382 1229 449 1286 ἔπεα
467 1229 532 1288 τάδε
551 1229 670 1304 τίθεμαι,
690 1227 835 1303 ἀπόρρητα
851 1226 942 1286 ποιεύ-

140 1337 222 1387 μενος
235 1313 307 1390 πρός
319 1315 424 1392 μηδένα
437 1317 531 1397 λέγειν
540 1315 626 1392 ὑμέας
639 1314 730 1374 ἄλλον
740 1312 758 1390 ἢ
770 1317 942 1391 Παυσανίην,

140 1400 180 1476 μή
201 1427 238 1478 με
260 1403 306 1460 καὶ
330 1403 518 1481 διαφθείρητε·
546 1403 578 1463 οὗ
599 1403 654 1485 γάρ
675 1401 709 1462 ἂν
731 1404 836 1483 ἔλεγον,
860 1407 883 1462 εἰ
903 1405 943 1480 μή

139 1488 268 1569 μεγάλως
287 1490 425 1567 ἐκηδόμην
443 1491 609 1567 συναπάσης
624 1495 674 1567 τῆς
693 1490 841 1554 Ἑλλάδος’
863 1491 945 1555 αὐτός

139 1600 170 1633 τε
183 1577 238 1656 γάρ
247 1576 360 1653 Ἕλλην
372 1580 452 1659 γένος
468 1580 524 1654 εἰμὶ
542 1579 687 1657 τώρχαῖον,
702 1579 748 1638 καὶ
764 1577 822 1639 ἀντ’
836 1581 944 1640 ἐλευθέ-

140 1689 190 1740 ρης
203 1665 409 1742 δεδουλωμένην
419 1667 469 1726 οὐκ
483 1665 517 1727 α’ἶν
531 1669 655 1744 ἐθέλοιμι
668 1667 736 1744 ὁρᾶν
745 1667 797 1743 τήν
807 1667 942 1726 Ἑλλάδα·

140 1752 215 1832 λέγω
236 1752 265 1812 δέ
286 1752 331 1822 ὦν,
354 1753 397 1814 ὅτι
419 1755 567 1835 Μαρδονίῳ
589 1781 619 1814 τε
641 1757 687 1814 καὶ
707 1761 743 1834 τῇ
767 1760 886 1832 στρατιῇ
908 1755 942 1814 τά

140 1839 254 1922 σφάγια
267 1840 300 1902 οὗ
318 1841 431 1902 δύναται
450 1845 606 1920 καταθύμια
623 1845 765 1924 γενέσθαι·
786 1843 876 1900 πάλαι
889 1843 943 1922 γάρ

140 1926 175 1988 ἂν
188 1929 339 2008 ἐμάχεσθε·
361 1935 409 1991 νῦν
423 1931 454 1990 δέ
474 1935 500 1990 οἱ
514 1931 639 1991 δέδοκται
652 1930 688 1990 τοὶ
703 1933 754 2006 μὲν
771 1929 882 2010 σφάγια
896 1935 944 1989 ἐᾶν

141 2017 256 2095 χαίρειν,
283 2017 341 2094 ἅμα
368 2019 458 2097 ἡμέρη
485 2019 514 2078 δέ
547 2017 763 2096 διαφαυσκοόση
791 2019 943 2093 συμβολήν

140 2106 297 2165 ποιέεσθαι·
325 2107 518 2184 καταρρώδηκε
537 2107 592 2188 γάρ
616 2106 656 2183 μή
679 2110 796 2168 πλεῦνες
820 2110 943 2184 συλλεχ-

141 2193 216 2269 θῆτε,
231 2193 266 2257 ὦς
280 2195 334 2275 ἐγω
345 2195 451 2266 εἰκάζω.
485 2195 555 2272 πρός
564 2200 652 2254 ταῦτα
666 2194 855 2271 ἑτοιμάζεσθε·
868 2192 902 2270 ἢν
913 2196 942 2254 δὲ

141 2280 196 2358 ἄρα
208 2281 403 2359 ὑπερβάληται
419 2283 472 2360 τήν
488 2283 642 2359 συμβολήν
664 2283 830 2360 Μαρδόνιος,
845 2284 891 2342 καὶ
903 2284 943 2361 μή

141 2373 262 2446 ποιῆται,
287 2372 433 2448 λιπαρέετε
451 2371 588 2449 μένοντες·
609 2371 713 2452 ὀλίγων
729 2370 784 2453 γάρ
803 2378 859 2447 σφι
877 2371 944 2448 ἡμε-

140 2458 210 2535 ρέων
237 2460 363 2519 λείπεται
386 2461 470 2520 σιτία.
515 2458 549 2534 ἢν
573 2459 602 2518 δὲ
625 2459 691 2536 ύμῖν
715 2459 730 2520 ό
753 2459 878 2534 πόλεμος
898 2459 943 2518 ὅδε

142 2546 212 2605 κατά
226 2545 290 2607 νόον
308 2548 473 2627 τελευτήσῃ,
492 2549 654 2623 μνησθῆναί
668 2573 729 2606 τινα
746 2547 802 2624 χρή
819 2548 864 2604 καὶ
879 2551 943 2622 ἐμεῦ

142 2635 340 2711 ἐλευθερώσιος
360 2636 432 2713 πέρι,
447 2635 477 2700 ὃς
496 2635 641 2711 Ἑλλήνων
662 2636 751 2694 εἵνεκα
772 2633 842 2692 οὕτω
863 2633 943 2713 ἔργον

143 2721 310 2799 παράβολον
331 2725 470 2804 ἔργασμαι
490 2723 544 2783 ὑπό
571 2723 734 2800 προθυμίης,
756 2720 859 2781 ἐθέλων
878 2719 944 2797 ὑμῖν

141 2809 269 2885 δηλῶσαι
289 2812 341 2886 τήν
359 2811 480 2871 διάνοιαν
500 2811 552 2886 τήν
568 2811 737 2887 Μαρδονίου,
757 2808 802 2868 ἵνα
823 2808 863 2884 μή
885 2813 942 2867 ἐπι-

142 2899 252 2958 πέσωσι
271 2899 337 2976 ὗμῖν
355 2903 381 2959 οἱ
397 2899 543 2975 βάρβαροι
563 2899 603 2975 μή
624 2897 877 2975 προσδεκομένοισί
896 2923 942 2954 κω.

142 2986 198 3062 εἰμὶ
225 2985 255 3045 δέ
279 2986 462 3063 Ἀλέξανδρος
489 2986 505 3046 ό
532 2984 694 3045 Μακεδών.”
736 2984 752 3044 ό
783 2986 834 3060 μὲν
857 2988 943 3043 ταῦτα

143 3075 221 3137 εἶπας
238 3073 382 3150 άπήλαυνε
403 3074 494 3135 ὀπίσω
513 3079 541 3138 ἐς
560 3075 593 3135 τό
613 3072 804 3151 στρατόπεδον
825 3073 868 3131 καὶ
893 3072 943 3147 τήν

143 3165 244 3221 ἐωυτοῦ
258 3163 346 3232 τάξιν.

184 3253 222 3308 Οἱ
235 3249 265 3308 δέ
283 3253 437 3330 στρατηγοὶ
455 3253 510 3309 τῶν
526 3249 688 3324 Ἀθηναίων,
703 3248 830 3310 ἐλθόντες
848 3247 893 3305 ἐπὶ
910 3247 943 3305 τό
953 3249 991 3306 46

143 3337 234 3408 δεξιόν
268 3339 355 3414 κέρας,
391 3341 487 3414 ἔλεγον
522 3336 671 3412 Παυσανίῃ
701 3335 789 3410 τάπερ
820 3333 945 3408 ἤκουσαν
