2250 3552
189 139 238 189 832
492 137 674 188 ἨΡΟΔΟΤΟῬ
909 130 911 134 ’
927 138 991 202 [IX.

190 217 269 278 παιδὶ
289 221 327 298 τῷ
351 221 451 279 έωυτοῦ
479 216 596 298 Δαρείῳ,
624 217 762 300 θυγατέρα
787 221 837 295 τῆς
861 219 994 299 γυναικός

187 306 288 384 ταύτης
308 307 354 365 καί
374 308 538 380 Μασίστεω,
561 307 662 367 δοκέων
683 305 770 382 αὐτήν
785 309 900 383 μᾶλλον
918 305 992 385 λάμ·

187 395 293 472 ψεσθαι
307 392 342 471 ἣν
359 398 448 455 ταῦτα
467 393 584 474 ποιήσῃ,
599 393 728 472 ἀρμόσας
748 394 778 454 δὲ
798 394 844 453 καί
864 393 900 455 τά
916 420 993 472 νομι-

187 481 290 560 ζόμενα
309 482 431 559 ποιήσας
448 482 593 559 ἀπήλαυνε
611 488 638 547 ἐς
655 483 762 548 Σοῦσα.
804 483 864 542 ἐπεὶ
885 482 915 542 δὲ
936 487 994 544 ε’κεῗ

187 597 218 631 τε
231 569 347 631 ἀπίκετο
361 572 407 630 καὶ
419 570 542 653 ἠγάγετο
555 576 583 634 ἔς
596 575 697 631 ἑωυτοῦ
711 571 819 649 Δαρείῳ
831 569 884 646 τήν
897 575 992 652 γυναῖ-
1029 629 1036 642 ,

188 685 232 726 κα,
247 657 317 718 οὕτω
332 658 367 735 δὴ
386 663 436 736 τῆς
454 661 611 720 Μασίστεω
628 660 681 735 μὲν
698 659 828 740 γυναικός
842 659 990 734 ε’πέπαυτο,

187 745 204 806 ἀ
218 746 248 806 δὲ
260 746 476 825 διαμειψάμενος
487 746 543 824 ἦρα
554 773 586 808 τε
600 746 646 806 καί
660 746 793 828 ε’ττίγχανε
805 749 856 821 τῆς
870 747 992 823 Δαρείου

186 836 238 911 μέν
253 835 381 916 γυναικός
397 835 553 895 Μασίστεω
572 835 602 894 δὲ
620 833 766 916 θυγατρός·
788 832 893 910 οὕνομα
906 835 936 895 δὲ
954 839 995 914 τῇ

141 924 199 982 109
208 923 317 1003 γυναικὶ
329 922 416 1002 ταότη
425 922 460 999 ἦν
472 921 635 1000 Ἀρταΰντη.
670 921 780 999 Χρόνου
792 921 823 982 δὲ
835 922 990 999 προίόντος,

188 1009 337 1071 ἀνάπυστα
357 1012 462 1092 γίνεται
481 1011 576 1090 τρόπῳ
594 1010 699 1090 τοιῷδε·
724 1009 991 1090 ε’ξυφήνασαἌμη-

188 1125 276 1176 στρις,
294 1098 313 1175 η’
328 1100 436 1176 Ξέρξεω
452 1099 532 1180 γυνή,
550 1103 642 1177 φᾶρος
658 1099 731 1180 μέγα
748 1123 779 1159 τε
795 1098 841 1158 καὶ
858 1099 990 1161 ποικίλον

189 1188 235 1246 καί
249 1187 313 1264 θέης
326 1186 412 1258 ἀξιον,
426 1187 498 1248 διδοῖ
509 1187 610 1267 Ξέρξη·
634 1187 650 1247 ἀ
665 1187 694 1246 δὲ
706 1185 804 1262 ήσθείς
817 1187 988 1264 περιβάλλε-

188 1276 238 1335 ταί
254 1301 285 1334 τε
299 1274 344 1333 καὶ
362 1276 471 1354 ἔρχεται
484 1275 560 1353 παρά
573 1275 625 1351 τήν
642 1273 821 1352 Ἀρταΰντην·
841 1274 940 1350 ἡσθεὶς
960 1276 990 1335 δὲ

188 1364 235 1422 καί
247 1362 343 1442 ταύτῃ,
358 1365 488 1423 ἐκέλευσε
502 1362 593 1439 ἀὐτήν
612 1361 755 1438 αἰτῆσαιὸ
772 1387 800 1421 τι
813 1362 953 1446 βούλεταί
962 1366 990 1423 οἰ

187 1451 320 1532 γενέσθω
339 1450 402 1511 ἀντὶ
417 1455 473 1512 τυίν
491 1450 565 1530 αὐτῷ
581 1450 804 1533 ὑπουργημένων·
825 1449 918 1511 πάντα
933 1451 989 1532 γάρ

188 1538 335 1608 τεύξεσθαι
348 1538 516 1614 αἰτήσασαν·
536 1543 573 1618 τῇ
584 1539 613 1598 δὲ
627 1543 714 1602 κακῶς
726 1536 782 1618 γάρ
792 1537 849 1598 ἔδεε
861 1539 990 1618 πανοικίῃ

187 1626 327 1708 γενέσθαι,
339 1626 409 1704 πρδς
421 1631 510 1686 ταῦτα
523 1626 582 1686 εἰπε
596 1627 695 1706 Ξέρξη·
713 1636 730 1662 “
740 1625 837 1688 δόσεις
850 1651 899 1703 μοι
911 1625 945 1686 ro*
955 1625 990 1687 ἀν

188 1739 224 1775 σε
237 1712 343 1791 αἰτήσω
353 1713 376 1784 ;”
392 1713 408 1774 ἀ
419 1714 449 1774 δὲ
459 1719 515 1775 πᾶν
525 1719 638 1791 μᾶλλον
652 1713 752 1773 δοκέων
765 1714 856 1788 κείνην
866 1716 987 1789 αἰτῆσαι,

187 1803 355 1882 ὑπισχνέετο
369 1803 416 1862 καί
429 1801 533 1881 ὤμοσε·
554 1802 573 1879 ἦ
587 1803 624 1872 δὲ,
640 1801 676 1865 ἀς
690 1799 791 1878 ὤμοσε,
807 1799 892 1864 ἀδεῶς
904 1802 988 1863 αἰτέει

187 1891 221 1952 τά
232 1895 331 1969 φᾶρος·
353 1889 459 1968 Ξέρξης
469 1891 498 1950 δὲ
509 1894 639 1954 παντοῖος
647 1891 759 1971 ε’γίνετο,
771 1886 803 1948 οὗ
813 1887 989 1965 βουλόμενος

187 1979 293 2040 δοῦναι·
314 1978 373 2039 κατ’
391 1977 466 2038 ἀλλο
482 1981 534 2056 μὲν
552 1977 639 2048 οὐδὲν,
658 1977 835 2054 φοβεόμενος
854 1977 884 2036 δὲ
898 1977 988 2055 Ἀμη-

188 2094 277 2145 στριν,
295 2067 336 2144 μή
353 2068 399 2126 καὶ
416 2066 700 2145 πρίνκατεικαζοόαη
717 2065 753 2125 τά
768 2064 901 2146 γινόμενα
918 2064 991 2126 οὕτω

188 2157 323 2235 ἐπευρεθῇ
356 2154 503 2232 πρήσσων·
544 2154 622 2214 ἀλλά
651 2154 734 2217 πόλις
765 2179 796 2212 τε
828 2152 918 2213 ἐδίδου
944 2154 990 2213 καί

186 2243 295 2323 χρυσὸν
320 2242 452 2313 ἄπλετον,
476 2243 522 2302 καί
549 2242 672 2320 στρατάν
697 2245 748 2303 τοῦ
775 2242 877 2318 ἔμελλε
903 2241 991 2308 οὐδεὶς

188 2331 281 2408 ἄρξειν
294 2328 391 2406 ἀλλ’ἢ
410 2332 508 2407 ε’κείνη·
530 2329 673 2409 Περσικόν
691 2330 720 2389 δί
738 2328 826 2406 κάρτα
840 2328 855 2388 ὅ
870 2331 991 2407 στρατός

188 2419 285 2496 δῶρον·
314 2417 379 2478 ἀλλ’
401 2418 433 2479 οὐ
451 2420 506 2500 γάρ
528 2421 628 2490 ἔπειθε,
651 2419 723 2479 διδοῖ
741 2417 775 2478 τά
797 2421 897 2496 φᾶρος·
918 2419 937 2495 ἦ
961 2421 991 2480 δὲ

188 2506 341 2587 περιχαρής
354 2510 441 2567 εὀῧσα
458 2510 497 2586 τῷ
509 2507 593 2587 δώρῳ,
609 2507 709 2584 ε’φάρεέ
726 2531 757 2566 τε
774 2506 820 2564 καὶ
835 2504 992 2587 ἠγάλλετο·

142 2599 199 2658 110
210 2596 255 2656 καί
278 2595 297 2672 ἡ
318 2595 477 2673 Ἀμηστρις
496 2595 665 2656 πυνθάνεταί
685 2620 733 2670 μιν
754 2595 885 2673 ἔχουσαν.
927 2601 990 2656 Μα-

189 2685 281 2744 θοῦσα
299 2684 329 2744 δὲ
350 2682 382 2743 τδ
401 2683 571 2759 ποιεόμενον,
589 2686 624 2762 τῇ
641 2686 694 2759 μὲν
709 2683 819 2764 γυναικὶ
835 2681 922 2760 ταύτῃ
940 2683 991 2744 οὐκ

189 2771 247 2851 εἶχε
268 2773 391 2854 ἔγκοτον·
425 2770 444 2848 ἦ
467 2771 497 2830 δὲ
522 2771 676 2842 ἐλπίζουσα
703 2769 755 2846 τήν
776 2770 883 2847 μητέρα
905 2768 991 2846 αὐτῆς

179 2860 258 2919 ἐἰναι
276 2862 366 2936 αἰτίην
381 2859 427 2918 καί
443 2862 532 2918 ταῦτα
549 2859 654 2934 ε’κείνην
674 2857 822 2936 πρήσσειν,
838 2883 874 2936 τη
894 2861 992 2920 Μασί-

189 2972 262 3006 στεω
281 2948 391 3028 γυναικὶ
411 2946 545 3023 ἐβούλευε
565 2945 693 3023 ὄλεθρον·
718 2945 872 3021 φυλάξασα
892 2944 923 3005 δὲ
941 2945 992 3006 τάν

188 3032 275 3108 ἀνδρα
292 3033 342 3094 τάν
358 3037 458 3108 ἑωυτῆς
476 3034 585 3110 Ξέρξην
601 3033 759 3110 βασιλήϊον
771 3032 883 3093 δεῖπνον
895 3059 991 3111 προτι-

190 3121 314 3195 θέμενον·
334 3124 417 3182 τοῦτο
435 3121 465 3179 δὲ
480 3120 513 3180 τό
534 3121 644 3180 δεῖπνον
660 3119 902 3198 παρασκευάζεται
914 3120 993 3193 ἅπαξ

188 3208 239 3262 τοῦ
253 3209 385 3276 ε’νιαυτοῦ,
400 3211 430 3265 ἒν
439 3206 529 3285 ἡμέρη
540 3211 576 3285 τῇ
591 3209 698 3287 ἐγένετο
708 3206 857 3284 βασιλεύς·
885 3207 992 3287 οὕνομα
1113 3209 1114 3292 ή

189 3291 218 3348 δὲ
237 3294 274 3367 τῷ
295 3292 393 3371 δείπνῳ
414 3293 502 3373 τούτῳ
525 3295 666 3371 Περσιστὶ
686 3297 738 3370 μὲν
760 3301 896 3367 ΤΥΚΤΑ,
919 3299 992 3358 κατά
1113 3299 1114 3320 ’
