2276 3554
190 147 222 193 οι
498 145 680 192 Ιιιιοιιοτου
908 119 987 210 ⁸[VI.

187 227 286 302 πειρᾶν
309 229 336 287 ές
359 223 412 300 τῆν
436 223 565 298 Μηδικῆν
591 224 736 298 ε’σβαλεῖν,
760 226 853 300 σφέας
875 226 904 284 δὲ
927 227 991 291 τοιίς

189 311 365 388 Σπαρτιήτας
383 311 504 370 κελεύειν
523 311 554 380 ἒξ
572 309 698 386 Ἐφέσου
719 311 909 390 ὄρμεωμένους
926 314 990 373 α’να-

188 400 366 475 βαίνειν,καί
384 401 478 459 ἔπειτα
496 404 523 462 ές
540 397 629 457 τώυτό
649 397 784 458 α’ποντᾶν.
829 402 992 477 Κλεομένεα

190 487 220 546 δὲ
241 489 367 568 λέγουσι,
388 486 511 563 ἡκόντων
532 491 587 546 τω”ν
606 488 732 550 Σκυθέων
752 488 797 545 ε’πί
816 493 912 558 ταῦτα,
931 490 992 567 όμι·

190 576 264 636 λέειν
284 583 340 652 σφι
360 575 487 652 μεζόνως,
502 574 653 647 ὁμιλέοντα
667 573 824 650 δὲμᾶλλον
836 580 886 635 τοῦ
906 581 991 638 ἰκνευ·

189 664 274 739 μένου
286 665 386 740 μαθεῖν
399 662 451 739 τῆν
464 662 673 739 ἀκρητοποσίην
687 661 752 740 παρ’
766 661 864 724 αὐτῶν·
886 670 916 723 ἐκ
929 666 991 724 τοό·

189 776 239 810 του
263 752 293 811 δὲ
312 752 435 828 μανῆναί
455 777 504 827 μιν
527 751 672 826 νομίζουσι
696 751 879 828 Σπαρτιῆται·
908 755 936 811 ἔκ
961 780 992 813 τε

189 838 284 912 τόσου,
301 840 336 903 οἰς
354 839 433 899 αὐτοὶ
451 839 577 920 λέγουσι,
595 839 678 899 ἔπειίν
696 839 846 917 ζωρότερον
864 840 990 916 βούλων-

192 953 238 986 ται
251 929 346 998 πιέειν,
358 938 375 962 “
384 926 590 987 ε’πισκιίθισον”
605 928 729 1008 λέγουσι.
767 927 837 986 οὕτω
850 927 884 1003 δῆ
897 930 991 1005 Σπαρ-

175 1020 283 1091 ’τιῆται
302 1016 337 1075 τό
358 1017 421 1092 περὶ
436 1016 598 1091 Κλεομένεα
615 1017 742 1096 λέγουσι.
784 1017 846 1091 ε’μοὶ
859 1015 888 1074 δὲ
902 1016 991 1076 δοκέει

190 1105 266 1164 τίσιν
285 1104 387 1180 ταύτην
407 1103 423 1163 ό
446 1104 608 1180 Κλεομένης
629 1102 788 1182 Δημαρήτῳ
809 1104 926 1163 ε’κτίσαι.

143 1194 180 1250 85
233 1192 458 1268 Τελευτήσαντος
471 1191 501 1250 δὲ
515 1193 698 1268 Κλεομένεος,
714 1190 748 1254 ὦς
764 1191 899 1251 ἐπύθοντο
914 1198 990 1274 Αἰγι·

190 1285 279 1356 νῆται,
306 1282 430 1357 ἔπεμπον
458 1283 485 1342 ές
507 1280 638 1356 Σπάρτην
662 1279 799 1360 ἀγγέλους
825 1283 990 1356 καταβωσο-

189 1369 289 1443 μένους
308 1368 480 1446 Αευτυχίδεω
505 1369 568 1444 περὶ
591 1373 645 1427 τῶν
669 1373 698 1427 ε’ν
718 1367 855 1446 Ἀθήνησι
879 1368 991 1444 ὁμήρων

191 1458 337 1534 ἐχομένων.
379 1456 592 1532 Λακεδαιμόνιοι
615 1457 645 1515 δὲ
665 1449 845 1532 δικαστήριον
869 1482 991 1537 συναγα-

189 1544 303 1629 γόντες,Ι
315 1546 439 1624 ἔγνωσαν
459 1545 662 1621 περιϋβρίσθαι
676 1543 825 1625 Αἰγινήτας
845 1543 899 1603 find
921 1551 991 1604 Αευ-

190 1632 315 1711 τυχίδεω·
345 1633 393 1690 καί
416 1658 465 1709 μιν
493 1632 655 1709 κατέκριναν
683 1632 794 1691 ἔκδοτον
817 1630 939 1713 ἄγεσθαι
964 1639 991 1697 ἐς

193 1722 309 1802 Αἴγιναν
337 1721 398 1780 ἀντὶ
426 1725 480 1780 τῶν
504 1725 533 1780 έν
553 1719 690 1800 ιΑθήνησι
714 1721 851 1799 ε’χομένων
875 1720 990 1799 ἀνδρῶν.

190 1810 353 1886 μελλόντων
373 1810 402 1868 δὲ
423 1808 500 1890 ἄγειν
521 1813 576 1868 τῶν
597 1809 763 1890 Αἰγινητέων
789 1808 838 1868 τόν
858 1811 990 1888 Λευτυχί-

191 1897 248 1967 δεα,
264 1898 325 1957 εἰπέ
338 1905 393 1975 σφι
407 1897 545 1972 Θεασίδης
559 1896 574 1957 ὁ
588 1899 777 1974 Λεωπρέπεος,
792 1897 843 1956 εὀἰν
857 1901 885 1955 ἐν
897 1897 991 1974 Σπόρ-

192 2012 226 2065 τῃ
240 1986 353 2063 δόκιμος
366 1985 444 2062 ιίνήρ·
467 1997 483 2021 “
492 1987 522 2044 τί
532 1985 676 2061 βούλεσθε
696 1987 807 2054 ποιέειν,
827 1983 922 2061 ἅνδρες
943 1990 991 2044 Αἰ-

190 2079 309 2154 γινῆται,
323 2074 372 2134 τόν
390 2074 516 2150 βασιλέα
537 2078 591 2132 τῶν
605 2074 798 2150 Σπαρτιητέων
815 2072 926 2132 ἔκδοτον
946 2099 991 2153 γε·

192 2162 307 2239 νόμενον
336 2161 390 2221 ὑπό
418 2167 473 2220 τῶν
501 2163 656 2238 πολιητέων
683 2161 777 2242 ι’ίγειν;
807 2165 830 2219 εἰ
851 2163 899 2220 νῦν
919 2159 992 2242 όργῆ

190 2249 342 2328 χρεώμενοι
364 2251 487 2329 ἔγνωσαν
501 2249 571 2309 οὕτω
585 2252 766 2326 Σπαρτιῆται,
782 2247 850 2312 ὅκως
864 2248 895 2318 έξ
911 2248 991 2308 ιίστέ·

190 2363 241 2413 ρης
263 2335 304 2413 μή
325 2363 352 2396 τι
373 2336 446 2413 ὖμῖν,
468 2337 503 2414 ῆν
524 2341 611 2397 ταῦτα
632 2337 790 2414 πρήσσητε,
811 2335 992 2413 πανώλεθρον

192 2423 277 2484 κακόν
297 2429 324 2488 ές
344 2425 396 2500 τήν
416 2425 509 2504 χιόρην
530 2425 704 2502 ε’σβόλωσι.”
745 2429 832 2484 ταῦτα
853 2423 992 2483 ἀκούσαν-

191 2538 236 2575 τες
249 2516 275 2572 οἱ
290 2517 436 2595 Αἰγινῆται
450 2516 569 2593 ἔσχοντο
592 2519 640 2589 τῆς
660 2513 779 2594 ἀγωγῆς·
801 2513 940 2592 ὁμολογίῃ
962 2512 993 2571 δὲ

192 2601 348 2679 ἐχρήσαντο
362 2602 463 2680 τοιῆδε,
478 2601 666 2679 ἐπισπόμενον
680 2601 849 2680 Λευτυχίδεα
867 2605 894 2663 ές
907 2599 991 2675 Ἀθή-

145 2692 181 2749 86
191 2716 247 2758 νας,
261 2689 413 2750 α’ποδοῦναι
423 2690 589 2771 Αἰγινήτῃσι
602 2689 665 2752 τοιίς
679 2688 790 2766 (ἰνδρας.
824 2688 873 2751 Ὡς
886 2688 915 2746 δὲ
928 2688 991 2746 α’πι-

191 2778 306 2854 κόμενος
319 2779 488 2858 Λευτυχίδης
503 2784 529 2840 ἐς
542 2778 591 2840 τοίς
603 2777 724 2853 Ἀθήνας
737 2775 852 2836 ἀπαίτεε
868 2775 919 2852 τῆν
939 2802 991 2834 πα-

190 2865 323 2944 ραθήκην,
339 2871 365 2926 οἰ
385 2867 528 2942 Ἀθηναῖοι
549 2867 712 2943 προφάσιας
731 2865 824 2924 εἷλκον
841 2862 873 2924 οιί
886 2863 992 2940 βουλό-

190 2981 270 3030 μενοι
286 2954 446 3023 ἀποδοῦναι,
455 2956 562 3029 ,φάντες
576 2956 624 3013 δύο
638 2956 730 3030 σφέας
744 2953 837 3016 ε’όντας
850 2953 993 3029 βασιλέας

191 3042 377 3117 παραθέσθαι,
404 3043 449 3099 καὶ
473 3040 505 3100 οιί
530 3042 651 3100 δικαιοῦν
678 3045 716 3120 τῷ
743 3042 824 3118 ἑτέρῳ
851 3039 914 3099 ἄνευ
941 3045 993 3098 τοῦ

192 3129 285 3205 ἑτέρου
305 3127 474 3186 ἀποδιδόναι.
517 3128 549 3186 οὐ
570 3129 700 3203 φαμένων
721 3129 751 3186 δέ
766 3127 923 3186 οἷποδοίσειν
937 3130 993 3187 τῶν

190 3213 353 3289 Ἀθηναίων,
376 3214 454 3282 ἔλεξέ
474 3221 531 3288 σφι
552 3215 720 3293 Λευτυχίδης
741 3214 816 3274 τάδε·
839 3213 886 3272 “οἰ
907 3213 992 3290 Ἀθη-

192 3305 272 3368 ναῖοι,
287 3301 393 3359 ποιέετε
407 3303 458 3375 μὲν
472 3300 588 3376 ὁκότερα
601 3300 745 3377 βούλεσθε
767 3301 856 3361 αιίτοί·
878 3301 994 3382 καὶγὰρ
