2282 3550
178 139 224 186 ινα
482 135 668 185 mmmm?
898 133 978 199 [vn.

129 217 185 275 173
196 241 256 274 τινα
264 216 404 291 σωτηρίην
413 213 647 294 μηχανεοίμενοι.”
667 217 755 275 ταῦτα
764 215 862 295 ἔλεγον
870 217 897 273 οἱ
907 221 980 274 Θεσ-

175 305 270 363 σαλοί.
312 306 350 361 Οἱ
370 303 399 361 δέ
412 302 552 379 Ἕλληνες
572 303 642 379 πρός
661 307 748 362 ταῦτα
770 301 981 378 ἐβουλεύσαντο

176 397 203 455 ἐς
222 392 387 467 Θεσσαλίην
404 392 523 468 πέμπειν
543 391 612 450 κατὰ
630 391 783 452 θάλασσαν
795 391 880 462 πεζόν
894 417 981 468 στρα-

173 480 231 550 τόν,
251 479 413 555 φυλόξοντα
433 479 485 555 τήν
504 479 642 555 ἐσβολήν.
684 479 720 542 τός
737 479 767 538 δέ
784 480 943 558 συνελέχθη
965 483 982 540 ὁ

173 569 303 644 στρατός,
339 568 421 627 ἔπλεε
448 567 482 626 δι’
513 566 643 645 Εὐρίπου·
678 566 845 644 ἀπικόμενος
873 567 902 626 δέ
930 573 981 644 τῆς

173 655 300 734 Ἀχαιίης
319 661 346 720 ἐς
360 655 459 725 Ἀλον,
473 655 585 732 α’ποβός
604 656 750 734 ἐπορεύετο
765 662 792 718 ἐς
805 658 980 731 Θεσσαλίην,

173 745 223 807 τός
236 745 298 808 νίας
308 745 392 804 αὐτοῦ
407 743 575 804 καταλιπόν·
598 746 643 804 καὶ
657 744 772 804 ιίπίκετο
784 749 811 807 ἐς
820 743 856 803 τό
866 745 981 821 Τέμπεα

177 837 205 896 ἐς
221 833 273 909 τήν
290 833 427 910 ἐσβολὴν,
445 833 516 909 ἥπερ
532 832 588 892 ιίπό
605 833 778 908 Μακεδονίης
796 837 846 907 τῆς
865 832 938 891 κότω
952 839 982 896 ἐς

173 923 339 998 Θεσσαλίην
359 923 438 998 φέρει
454 922 531 998 παρὰ
545 922 666 998 Πηνειόν
680 920 816 998 ποταμόν,
830 921 934 996 μεταξέ
949 922 981 981 δέ

170 1009 329 1087 Οόλύμπου
343 1035 373 1071 τε
388 1009 483 1087 οὔρεος
496 1008 577 1069 ἐόντα
591 1010 636 1068 καὶ
649 1013 699 1085 τῆς
707 1008 831 1084 Ὀσσης.
860 1009 981 1069 ἐνθαῦτα

173 1099 440 1175 ἐστρατοπεδεύοντο
459 1102 513 1158 τῶν
528 1098 674 1174 Ἑλλήνων
688 1099 758 1157 κατιέ
771 1098 884 1174 μυρίους
897 1097 980 1158 ὁπλῖ-

173 1211 219 1246 ται
236 1189 430 1269 συλλεγέντες·
452 1187 500 1245 καί
516 1195 572 1262 σφι
591 1191 702 1263 προσῆν
715 1186 734 1262 ἦ
748 1190 802 1246 τῶν
819 1192 980 1246 Θεσσαλῶν

175 1275 267 1338 ἵππος·
289 1275 459 1356 ἐστρατήγεε
478 1276 507 1334 δὲ
525 1275 748 1352 Λακεδαιμονίων
765 1277 817 1351 μὲν
830 1273 979 1339 Εὐαίνετος

173 1361 190 1422 ό
207 1363 336 1440 Καρήνου
355 1369 385 1422 ἐκ
403 1368 458 1424 τῶν
476 1363 664 1442 πολεμάρχων
678 1362 869 1440 ἀραιρημένος,
884 1364 979 1443 γένεος

173 1451 269 1527 μέντοι
290 1451 340 1510 ἐιόν
359 1451 392 1510 ού
409 1457 460 1511 τοῦ
477 1452 642 1527 βασιληίου,
657 1450 810 1527 Ἀθηναίων
824 1451 854 1510 δέ
872 1457 977 1528 Θεμισ-

173 1540 290 1615 τοκλέης
316 1538 333 1598 ό
360 1541 510 1603 Νεοκλέος.
553 1542 661 1615 ἔμειναν
689 1539 717 1598 δέ
745 1539 844 1620 ὀλίγας
873 1538 979 1617 ἡμέρας

174 1627 301 1687 ἐνθαῦτα·
322 1626 486 1704 α’πικόμενοι
499 1627 555 1709 γὰρ
569 1627 687 1708 ἄγγελοι
700 1626 777 1704 παρὰ
791 1625 978 1704 Ἀλεξάνδρου

163 1719 222 1775 ιτοῦ
236 1714 382 1793 Ἀμύντεω,
399 1715 496 1793 όνδρός
516 1714 685 1785 Μακεδόνος,
701 1713 906 1790 συνεβούλευόν
920 1722 978 1790 σφι

173 1803 425 1874 ἀπαλλάσσεσθαι,
438 1805 509 1880 μηδὲ
525 1804 658 1881 μένοντας
674 1809 702 1863 ἐν
717 1808 753 1882 τῇ
767 1804 880 1880 ἐσβολῇ
894 1828 977 1861 καπα-

173 1894 331 1968 πατηθῆναι
349 1892 403 1951 ύπό
421 1897 471 1951 τοῦ
492 1896 615 1969 στρατοῦ
632 1891 765 1954 ἐπιόντος·
794 1890 978 1965 σημαίνοντες

173 1980 207 2040 τό
220 1981 329 2056 πλῆθός
342 2007 373 2041 τε
386 1985 436 2056 τῆς
449 1984 584 2057 στρατιῆς
598 1981 643 2038 καὶ
656 1979 706 2042 τός
720 1980 791 2041 νέας·
809 1977 843 2040 οἷς
857 1977 886 2036 δὲ
899 1975 979 2038 οὗτοί

173 2075 230 2144 σφι
243 2073 330 2128 ταῦτα
344 2068 558 2144 συνεβούλευον,
573 2067 696 2146 (χρηστὰ
714 2067 769 2147 γαρ
783 2065 891 2125 ἐδόκεον
904 2092 977 2142 συμ-

172 2156 326 2232 βουλεύειν,
343 2158 390 2215 καί
402 2163 458 2232 σφι
472 2155 563 2218 εὔνως
579 2157 707 2230 ἐφαίνετο
723 2155 774 2213 ἐόν
788 2153 804 2214 ό
818 2153 977 2233 Μακεδῶν,)

174 2245 326 2303 ἐπείθοντο·
348 2246 451 2304 δοκέειν
468 2245 499 2302 δέ
510 2271 567 2320 μοι,
582 2242 701 2320 ἀρρωδίη
718 2243 753 2319 ἦν
770 2242 803 2302 τό
821 2243 926 2312 πεῖθον,
941 2242 978 2306 ὦς

174 2331 309 2390 ἐπύθοντο
326 2334 372 2390 καὶ
390 2331 483 2408 ἄλλην
502 2337 605 2391 ἐοῦσαν
625 2331 754 2407 ἐσβολὴν
768 2337 795 2394 ἐς
809 2331 978 2394 Θεσσαλούς

175 2420 244 2478 κατοὶ
270 2420 322 2494 τὴν
348 2419 402 2479 ἅνω
435 2420 610 2496 Μακεδονίην
637 2419 682 2479 δια
711 2420 879 2497 Περραιβῶν
906 2423 977 2478 κατοῖ

175 2507 277 2567 Γόννον
294 2507 388 2568 πόλιν·
415 2513 503 2587 τῇπερ
523 2507 556 2584 δη
578 2508 624 2566 καὶ
644 2506 804 2584 ἐσέβαλεῆ
821 2505 977 2584 στρατιηῆ

175 2596 291 2672 Ξέρξεω·
316 2596 488 2672 καταβάντες
508 2595 538 2655 δέ
561 2599 587 2655 οἱ
604 2595 744 2672 Ἕλληνες
766 2596 811 2654 ἐπὶ
832 2595 883 2658 τός
906 2595 977 2664 νέας,

130 2686 184 2746 174
195 2683 286 2743 ὀπίσω
300 2684 464 2762 ἐπορεύοντο
478 2691 506 2748 ἐς
518 2683 568 2744 τόν
581 2684 707 2760 Ἰσθμόν.
743 2683 820 2759 Αὕτη
835 2683 944 2764 ἐγένετο
957 2680 977 2758 ἡ

175 2776 202 2834 ἐς
228 2773 393 2849 Θεσσαλίην
419 2773 566 2850 στρατηίη,
593 2773 733 2847 βασιλέος
764 2798 795 2832 τε
821 2773 979 2847 μέλλοντος

175 2860 329 2934 διαβαίνειν
343 2865 370 2922 ἐς
383 2860 434 2936 την
452 2859 588 2938 Εὐρώπην
602 2864 631 2918 ἐκ
645 2863 695 2934 τῆς
707 2859 807 2936 Ἀσίης
821 2860 867 2918 καὶ
886 2857 979 2922 ἐόντος

173 2946 226 3022 ἤδη
248 2953 276 3006 έν
296 2947 416 3028 Ἀβίδιρ·
440 2949 587 3007 Θεσσαλοὶ
608 2947 637 3006 δὲ
660 2949 844 3025 ἐρημωθέντες
867 2946 979 3023 συμμεί-

174 3061 240 3113 χων,
254 3035 325 3096 οὕτω
336 3035 369 3112 δη
381 3037 517 3113 ἐμήδισαν
527 3035 675 3112 προθύμως
685 3036 741 3096 οὐδ’
753 3038 793 3096 ἐτι
803 3037 978 3098 ἐνδοιαστιῗιέ·

175 3121 248 3182 ὥστε
269 3128 298 3182 ἐν
317 3127 393 3183 τοῖσι
413 3123 562 3204 πρήγμασι
581 3125 729 3200 ἐφαίνοντο
747 3125 868 3200 βασιλέί
883 3123 980 3202 ἇνδρες

176 3209 265 3272 ἐόντες
278 3211 497 3288 χρησιμώτατοι.

130 3298 185 3356 175
237 3301 274 3356 Οἱ
287 3297 464 3376 δέἘλληνες
478 3301 539 3357 ἐπεί
554 3324 585 3357 τε
603 3298 724 3360 α’πίκατα
744 3304 772 3364 ἐς
787 3300 839 3363 τόν
851 3300 979 3379 Ἰσθμόν,
