2258 3568
150 121 183 167 ιο
453 120 636 169 ἀνοιουου
903 118 949 183 [V.

150 199 279 274 βασιλέα
300 197 423 274 πόλεμον
444 197 635 269 ἐσκευάζοντο.
676 189 840 262 πλάσαντες
866 197 896 256 δέ
923 203 950 263 ἐς

149 287 199 347 τόν
211 287 435 362 Ἑλλήσποντον,
446 286 597 358 Βυζάντιόν
610 312 641 346 τε
654 286 700 344 καὶ
709 285 759 348 τάς
768 285 858 350 άλλας
868 287 950 351 πόλις

151 375 265 439 άπάσας
277 376 327 439 τάς
340 375 427 455 ταύτῃ
442 375 487 434 ὑπ’
502 379 629 434 ἑωυτοῖσι
645 374 824 450 ἐποιήσαντο·
846 375 951 434 ἐκπλώ-

151 464 251 528 σαντές
268 491 300 524 τε
316 465 365 534 ἔξω
385 463 435 524 τόν
450 463 673 539 ΙΕλλήσποντον,
692 464 800 540 Καρίης
813 463 865 540 τήν
880 469 951 523 πολ-

150 552 205 629 λήν
218 551 450 630 προσεκτήσαντο
464 553 552 628 σφίσι
570 550 722 631 σύμμαχον
736 551 815 611 εἶναι·
837 551 883 612 καὶ
896 552 951 632 γάρ

150 641 203 718 τήν
224 645 336 702 Καῦνον
356 641 491 718 πρότερον
512 640 544 700 ου’
564 641 741 716 βουλομένην
769 641 951 719 συμμαχέειν,

151 729 187 792 οἷς
208 732 363 807 ἐνέπρησαν
383 729 433 792 τάς
449 729 549 805 Σάρδις
565 729 629 788 τότε
645 736 701 804 σφι
720 729 766 786 καὶ
780 727 849 804 αὕτη
863 754 951 805 προσ·

105 820 163 877 104
172 819 289 898 εγένετο.
332 818 453 896 Κύπριοι
474 819 503 876 δέ
524 817 670 877 ἐθέλονταί
681 824 737 892 σφι
750 815 851 878 πάντες
863 843 951 893 προσ-

152 907 287 987 εγένοντο,
306 906 382 982 πλήν
402 905 606 982 Ἀμαθουσίων.
648 904 814 980 άπέστησαν
834 905 952 986 γάρκαὶ

151 991 228 1054 οὗτοι
243 992 293 1053 ὦδε
307 994 362 1054 α’πδ
376 995 488 1070 Μήδων·
503 993 538 1070 ἦν
550 994 702 1070 Ὀνήσιλος
716 993 825 1074 Γόργου
838 996 889 1070 μέν
901 998 952 1053 τοῦ

154 1083 331 1160 Σαλαμινίων
350 1084 489 1160 βασιλέος
509 1081 648 1158 α’δελφεὸς
667 1081 804 1158 νειίπερος,
829 1082 952 1158 Χέρσιος

152 1169 181 1230 δέ
201 1177 251 1232 τοῦ
273 1171 400 1250 Σιρώμου
419 1175 468 1230 τοῦ
489 1169 663 1234 Εὐέλθοντος
683 1170 757 1233 πάϊς·
779 1168 859 1234 οὗτος
879 1169 951 1247 άνήρ

151 1260 289 1323 πολλάκις
302 1263 353 1336 μὲν
367 1261 413 1318 καὶ
427 1259 561 1336 πρότερον
573 1257 622 1319 τόν
636 1259 744 1340 Γόργον
761 1260 951 1340 παρηγορέετο

152 1346 329 1408 ἀπίστασθαι
352 1348 407 1407 άπὸ
430 1347 577 1424 βασιλέος·
609 1347 673 1409 τότε
716 1346 732 1416 ’,
755 1346 790 1410 ὦς
817 1347 861 1406 καὶ
887 1348 952 1411 τοῦς

146 1433 244 1498 Ἴωνας
262 1436 378 1496 ἐπύθετο
393 1435 555 1504 ἀπεστάναι,
569 1435 665 1518 πάγχυ
679 1437 847 1512 ἐπικείμενος
860 1439 950 1517 ἐνῆγε·

152 1522 188 1586 ὥς
207 1523 237 1582 δέ
256 1523 306 1583 οῦκ
325 1525 416 1584 ἔπειθε
433 1522 490 1583 τόν.
498 1523 614 1604 Γόργον,
629 1523 746 1584 ἐνθαῦτά
762 1550 810 1600 μιν
824 1524 951 1600 φυλάξας

153 1612 302 1682 ἐξελθόντα
320 1611 352 1672 τό
371 1611 444 1672 ἄστυ
457 1611 489 1671 τό
509 1613 685 1689 Σαλαμινίων
698 1611 714 1671 ό
728 1611 879 1688 Ὀνήσιλος
892 1612 951 1690 ἅμα

153 1703 230 1760 τοῖσι
251 1703 351 1760 ἑωυτοῦ
372 1699 556 1778 στασιώτῃσι,
579 1699 734 1776 άπεκλήῖσε
754 1704 809 1760 τῶν
832 1701 949 1761 πυλέων.

153 1787 260 1872 Γόργος
269 1791 321 1865 μὲν
335 1788 368 1864 δή
382 1789 526 1864 στερηθεὶς
545 1792 595 1863 τῆς
612 1787 711 1851 πόλιος
730 1789 829 1870 ἔφευγε
845 1795 873 1852 ἐς
888 1790 950 1866 Μή

154 1877 225 1946 δους,
246 1876 398 1953 Ὀνήσιλος
419 1877 448 1935 δέ
474 1875 545 1955 ἦρχε
567 1878 734 1952 Σαλαμῖνος,
759 1878 805 1936 καὶ
826 1876 950 1938 ἀνέπειθε

151 1965 256 2029 πάντας
288 1966 431 2042 Κυπρίους
458 1965 695 2024 συναπίστασθαι.
750 1965 813 2029 τοῦς
838 1968 890 2042 μέν
916 1967 950 2044 δή

151 2053 257 2118 ἄλλους
278 2053 417 2114 ἀνέπεισε·
441 2052 647 2128 Ἀμαθουσίους
665 2053 694 2112 δέ
713 2053 744 2112 οῦ
759 2055 951 2131 βουλομένους

152 2146 179 2202 οἱ
192 2138 340 2202 πείθεσθαι
353 2140 515 2217 ἐπολιόρκεε
528 2140 766 2217 προσκατήμενος.

105 2233 163 2290 105
204 2230 356 2306 Ὀνήσιλος
368 2231 420 2306 μέν
433 2255 480 2291 νυν.
497 2228 657 2306 ἐπολιόρκεε
670 2229 855 2306 Ἀμαθοῦντα.
896 2233 951 2306 βα-

153 2319 231 2379 σιλέϊ
261 2319 290 2377 δὲ
317 2319 424 2397 Δαρείῳ
453 2316 488 2380 οἷς
515 2317 672 2398 ἐξαγγέλθη
700 2317 800 2394 Σάρδις
826 2318 952 2382 ἁλούσας

153 2407 351 2484 ἐμπεπρῆσθαι
371 2405 426 2465 ῦπό
446 2433 476 2464 τε
496 2404 649 2480 Ἀθηναίων
670 2407 716 2464 καὶ
733 2405 839 2477 Ἰάνων,
856 2407 904 2467 τόν
922 2407 952 2466 δέ

151 2495 275 2577 ήγεμόνα
296 2495 427 2575 γενέσθαι
448 2498 498 2568 τῆς
520 2498 665 2574 συλλογῆς
686 2494 759 2554 ὥστε
779 2499 866 2555 ταῦτα
887 2521 951 2554 συν-

152 2584 310 2659 υφανθῆναι
330 2581 380 2642 τόν
399 2581 545 2656 Μιλήσιον
560 2581 773 2662 Ἀρισταγόρην,
788 2587 883 2660 πριῦτα
901 2587 952 2660 μὲν

153 2673 265 2752 λέγεται
286 2671 379 2741 αῦτόν,
408 2670 443 2733 ιός
467 2669 583 2729 ἐπύθετο
609 2675 705 2740 ταῦτα,
726 2670 829 2731 ’Ἰάνων
856 2671 953 2731 οῦδένα

152 2760 241 2842 λόγον
258 2759 457 2836 ποιησάμενον,
477 2757 506 2817 εὖ
526 2758 617 2818 εἰδότα
636 2759 670 2822 ὦς
686 2757 765 2818 οὗτοί
777 2786 809 2841 γε
824 2760 856 2819 οῦ
871 2786 952 2820 κατα-

155 2850 316 2926 προΐξονται
329 2847 511 2917 ἀποστάντες,
523 2848 647 2924 εἴρεσθαι
662 2849 760 2912 οἵτινες
770 2849 823 2908 εἶεν
834 2853 861 2908 οἱ
870 2848 953 2926 Ἀθη

153 2941 242 3006 ναῖοι;
271 2937 342 3011 μετά
365 2937 403 3006 δέ,
427 2935 590 3011 πυθόμενον,
612 2941 726 3011 αἰτήσαι
741 2936 774 2996 τό
792 2937 884 3007 τόξον,
903 2942 950 2997 λα-

152 3025 243 3100 βόντα
263 3024 292 3082 δέ
313 3026 359 3083 καὶ
380 3025 509 3083 ἐπιθέντα
529 3023 627 3083 ὀϊστόν
648 3023 702 3083 ἅνω
723 3029 751 3087 ἐς
770 3024 819 3085 τόν
837 3025 955 3102 οῦρανόν

153 3111 271 3181 άπεῖναι,
286 3114 335 3170 καί
351 3139 400 3188 μιν
421 3117 448 3174 ἐς
467 3111 516 3170 τόν
536 3111 605 3188 ήέρα
623 3112 773 3187 βάλλοντα
789 3117 884 3171 εἰπεῖν·
906 3115 954 3172 “ὦ

155 3201 216 3267 Ζεῦ,
235 3200 396 3278 ἐκγενέσθαι
413 3225 463 3275 μοι
478 3198 642 3275 Ἀθηναίους
659 3199 820 3260 τίσασθαι·”
839 3202 954 3261 εἴπαντα

155 3285 185 3343 δέ
210 3290 299 3344 ταῦτα
325 3286 482 3363 προστάξαι
503 3287 541 3344 ἐνὶ
561 3291 616 3347 τιῦν
637 3288 821 3364 θεραπόντων,
843 3289 954 3348 δείπνου
