2258 3568
191 166 223 212 ιι
493 165 676 215 Ἦνοιουου
944 164 988 230 [υ.

189 242 350 324 στρατηγόν
374 243 404 302 δέ
426 245 544 304 τουτέων
567 243 683 314 ἀπέδεξε
708 244 883 325 Μεγαβάτην
906 244 993 322 ἄνδρα

190 332 306 407 Πέρσην
323 335 378 390 τῶν
395 329 618 410 Ἀχαιμενιδέων,
637 335 738 391 ἑωυτοῦ
756 359 787 392 τε
806 333 852 391 καὶ
872 333 993 409 Δαρείου

188 417 312 496 ἀνεψιόν·
332 423 382 478 τοῦ
403 420 567 495 Παυσανίης
588 419 604 478 ὁ
625 419 836 497 Κλεομβρότεω
858 419 992 480 Λακεδαι-

187 505 292 582 μόνιος,
306 510 330 566 εἲ
346 505 380 582 δή
395 505 504 582 ἀληθής
515 533 549 588 γε
563 508 625 567 ἐστὶ
641 506 657 566 ὁ
671 506 766 587 λόγος,
780 507 888 588 ύστέρῳ
900 508 992 590 χρόνῳ

187 593 292 654 τούτων
298 594 448 671 η’ρμάσατο
457 595 603 675 θυγατέρα,
613 596 699 672 ἔρωτα
708 595 786 674 σχιδν
794 601 844 672 τῆς
853 597 992 662 Ἑλλάδος

187 682 320 758 τύραννος
334 683 477 764 γενέσθαι.
510 682 647 753 ἀποδέξας
664 683 693 742 δὲ
712 683 890 764 Μεγαβάτην
906 711 991 762 στρα-

186 771 274 851 τηγόν
296 769 496 848 Ἀρταφέρνης,
517 769 669 831 ἀπέστειλε
691 769 741 831 τόν
768 771 890 848 στρατόν
914 774 989 849 παρὰ

185 859 235 918 τόν
247 858 463 939 Ἀρισταγόρεα.

138 949 176 1004 33
228 947 414 1024 Παραλαβών
424 947 454 1006 δὲ
468 945 483 1006 ό
499 945 676 1027 Μεγαβάτης
689 951 719 1006 ἐκ
732 950 782 1022 τῆς
796 946 929 1022 Μιλήτου
941 946 991 1007 τόν

185 1061 216 1094 τε
235 1034 441 1116 Ἀρισταγόρεα
465 1035 510 1094 καὶ
532 1034 585 1111 τήν
604 1033 682 1093 Ἰάδα
703 1033 839 1111 στρατιήν
860 1034 906 1093 καὶ
925 1034 1003 1099 τούς

186 1124 317 1194 Ναξίους,
339 1125 421 1182 ἔπλεε
440 1122 588 1199 πρόφασιν
609 1122 651 1182 ἐπ’
668 1122 894 1200 Ἑλλησπόντου.
929 1125 991 1182 ἐπεί

185 1238 216 1271 τε
231 1213 261 1271 δὲ
277 1212 386 1293 ε’γένετο
400 1217 429 1271 ἐν
445 1211 513 1290 Χίῳ,
528 1213 595 1290 έσχε
608 1210 658 1274 τὰς
671 1213 734 1274 νέας
748 1217 775 1274 ἐς
791 1211 939 1281 Καύκασα,
955 1211 989 1274 ὥς

186 1300 311 1360 ἐνθεῦτεν
328 1301 419 1379 βορέῃ
436 1298 526 1378 άνέμῳ
544 1305 571 1362 ἐς
591 1298 644 1376 τήν
661 1300 758 1370 Νάξον
777 1300 920 1376 διαβάλοι·
943 1300 989 1358 καὶ

185 1386 218 1446 ού
238 1388 294 1468 γάρ
315 1388 372 1447 ἔδεε
393 1387 481 1466 τούτῳ
501 1391 539 1466 τῷ
559 1387 656 1466 στόλῳ
677 1389 799 1457 Ναξίους
819 1387 987 1457 ἀπολέσθαι,

185 1480 302 1557 πρῆγμα
328 1476 436 1537 τοιόνδε
463 1476 632 1555 συνηνείχθη
658 1477 800 1558 γενέσθαι·
835 1475 988 1553 περιϊόντος

185 1565 363 1645 Μεγαβάτεω
386 1564 436 1628 τάς
459 1565 505 1623 ἐπὶ
529 1568 583 1623 τῶν
606 1569 674 1624 νεῶν
699 1563 836 1639 φυλακάς,
858 1564 904 1622 ἐπὶ
927 1564 988 1629 νεθς

185 1653 310 1729 Μυνδίης
334 1655 412 1732 ἐτυχε
437 1652 525 1715 οὐδεὶς
549 1652 718 1727 φυλάσσων·
746 1651 762 1710 ά
790 1652 820 1711 δέ
845 1653 934 1713 δεινόν
960 1681 987 1715 τι

183 1733 381 1819 ποιησάμενος,
401 1742 532 1801 ἐκέλευσε
551 1740 615 1803 τούς
636 1740 808 1817 δορυφόρους
828 1740 987 1817 ἐξευρόντας

184 1829 233 1890 τόν
246 1829 369 1910 ἄρχοντα
382 1829 484 1904 ταύτης
497 1833 548 1904 τῆς
561 1828 628 1901 νεός,
644 1834 683 1908 τῷ
697 1827 802 1905 οὕνομα
814 1828 849 1904 ἦν
863 1828 985 1900 Σκύλαξ,

184 1923 283 1979 τοῦτον
297 1918 382 1994 δῆσαι
396 1917 440 1976 διά
455 1918 594 1992 θαλαμίης
611 1917 754 1980 διελόντας
769 1921 819 1992 τῆς
832 1917 900 1988 νεδς,
916 1918 986 1978 κατά

183 2010 275 2077 τοῦτο,
290 2007 340 2076 ἔξω
353 2008 405 2082 μὲν
418 2006 546 2081 κεφαλήν
559 2010 704 2069 ποιεῦντας
721 2006 776 2065 έσω
795 2005 824 2064 δέ
841 2005 874 2065 τό
893 2011 986 2083 σῶμα·

184 2095 310 2158 δεθέντος
324 2095 353 2154 δὲ
366 2098 416 2153 τοῦ
431 2093 584 2163 Σκύλακος,
599 2094 765 2176 ἐξαγγέλλει
778 2121 820 2157 τις
835 2098 873 2173 τῷ
891 2094 986 2172 Ἀρισ-

183 2183 291 2264 ταγόρη
307 2182 350 2242 ὅτι
370 2181 420 2242 τόν
438 2181 527 2252 ξεῖνόν
548 2185 575 2241 οἱ
595 2182 644 2243 τὸν
665 2182 790 2242 Μύνδιον
811 2183 987 2263 Μεγαβάτης

184 2270 273 2347 δήσας
283 2271 455 2347 λυμαίνοιτο·
470 2269 486 2328 ὁ
497 2268 520 2328 δ’
529 2271 618 2330 ἐλθών
626 2273 791 2348 παραιτέετο
800 2271 849 2331 τόν
860 2272 985 2348 Πέρσην,

184 2358 329 2440 τυγχάνων
344 2358 372 2417 δὲ
389 2356 500 2419 ούδενός
515 2361 570 2418 τῶν
584 2359 674 2418 ἐδέετο
689 2358 772 2422 αύτὸς
789 2360 877 2419 ἐλθών
892 2361 986 2419 ἔλυσε·

184 2445 340 2523 πυθόμενος
354 2446 383 2504 δὲ
397 2445 484 2522 κάρτα
497 2445 586 2506 δεινὰν
603 2446 757 2523 ἐποιήσατο
772 2447 787 2507 ὁ
802 2447 985 2528 Μεγαβάτης,

185 2536 231 2594 καὶ
248 2535 401 2613 ἐσπέρχετο
419 2537 458 2612 τῷ
469 2532 671 2616 Ἀρισταγόρῃ·
692 2535 708 2595 ὁ
726 2535 756 2594 δὲ
775 2537 844 2595 εἶπε·
867 2537 941 2595 “σοὶ
958 2537 988 2596 δὲ

185 2623 231 2682 καὶ
251 2621 378 2682 τούτοισι
398 2626 474 2682 τοῖσι
494 2623 644 2704 πρήγμασι
663 2624 693 2683 τί
712 2629 790 2694 ἐστι;
813 2623 845 2683 ού
867 2627 902 2684 σὲ
922 2624 987 2685 α’πέ-

184 2715 281 2771 στειλε
300 2709 492 2788 Ἀρταφέρνης
510 2713 576 2787 ἐμέο
594 2713 752 2782 πείθεσθαι,
770 2713 815 2771 καὶ
834 2713 931 2773 πλέειν
951 2724 986 2793 τῇ

184 2797 218 2860 ἂν
235 2799 289 2881 ἐγω
310 2798 430 2868 κελεύω;
451 2801 482 2858 τί
499 2801 597 2859 πολλὰ
617 2800 797 2877 πρήσσεις;”
818 2804 906 2860 ταῦτα
928 2802 988 2862 εἶπε

184 2887 398 2969 Ἀρισταγόρης·
420 2887 436 2948 ό
455 2888 484 2946 δὲ
502 2889 638 2965 θυμωθεὶς
657 2889 794 2961 τούτοισι,
811 2888 846 2952 οἷς
862 2889 913 2959 νύξ
930 2892 987 2972 ἐγέ-

184 3003 255 3046 νετο,
281 2977 386 3053 ἔπεμπε
410 2981 438 3040 ἐς
464 2976 561 3047 Νάξον
584 2979 675 3057 πλοίῳ
698 2975 798 3055 ἄνδρας
825 2978 989 3054 φράσοντας

184 3069 261 3124 τοῖσι
279 3065 414 3134 Ναξίοισι
432 3066 523 3125 πάντα
540 3065 576 3125 τά
594 3065 734 3142 παρεόντα
750 3074 807 3142 σφι
825 3067 988 3148 πρήγματα·

138 3157 174 3214 34
186 3156 223 3212 Οἱ
239 3153 295 3235 γάρ
312 3153 349 3214 ὧν
370 3154 471 3225 Νάξωι
490 3153 571 3215 ου’δέν
589 3153 697 3216 πάντως
717 3155 921 3230 προσεδέκοντο
943 3156 989 3214 ἐπὶ

185 3245 278 3319 σφέας
293 3243 343 3304 τόν
356 3243 464 3304 στόλον
478 3247 577 3303 τοῦτον
591 3241 779 3320 ὁρμήσεσθαι·
802 3245 861 3302 ἐπεὶ
879 3245 931 3321 μέν
945 3272 990 3305 τοι

185 3332 330 3403 ἐπύθοντο,
345 3333 444 3394 αὐτίκα
463 3335 514 3400 μὲν
531 3332 705 3391 ἐσενείκαντο
724 3332 759 3390 τά
777 3337 807 3390 ἐκ
825 3336 880 3391 τῶν
897 3331 989 3412 ἀγρῶν
