2282 3550
174 135 222 183 ιιι
481 136 664 186 Ἡιοιοοοι·
882 138 970 202 [vm.

130 286 132 290 Ι
175 213 220 272 καὶ
233 212 355 291 Κύπριοι
369 215 415 274 καὶ
429 216 544 280 Κίλικες
562 218 609 276 καὶ
623 218 789 295 Πάμφυλοι,
802 221 857 279 τῶν
869 218 975 296 ὄφελός

128 304 164 361 69
176 307 236 362 ἐστι
263 301 367 363 ούδέν.”
420 308 514 364 Ταῦτα
540 305 680 386 λεγούσης
708 306 780 384 πρός
806 307 974 384 Μαρδόνιον,

174 389 238 450 ὅσοι
264 394 315 469 μὲν
341 390 414 468 ἦσαν
449 391 537 454 εὔνοοι
566 399 602 472 τῇ
628 393 793 476 Ἀρτεμισίῃ
823 395 976 474 συμφορὴν

174 485 314 540 ἐποιεῦντο
327 481 392 544 τούς
405 481 515 562 λόγους,
530 479 565 545 ὥς
584 483 668 543 κακόν
681 509 708 542 τι
725 485 892 560 πεισομένης
905 483 977 561 πρός

174 570 321 645 βασιλέος,
345 569 388 630 ὅτι
411 569 461 628 οὐκ
483 573 516 650 ἐᾷ
538 572 694 649 ναυμαχίην
716 572 870 632 ποιέεσθαι·
898 575 925 631 οἶ
946 571 976 632 δέ

174 656 338 739 ἀγαιόμενοί
349 683 380 718 τε
394 659 439 717 καὶ
453 658 619 733 φθονέοντες
634 659 713 739 αὐτῇ,
729 659 778 720 ἅτε
796 665 825 720 ἐν
837 659 977 737 πρώτοισι

173 749 355 825 τετιμημένης
374 746 420 806 διὰ
434 745 550 806 πάντων
570 750 625 806 τῶν
645 747 810 828 συμμάχων,
828 749 976 826 ἐτέρποντο

172 839 209 915 τῇ
228 837 313 912 κρίσι,
332 835 367 900 ὥς
383 834 574 911 ἀπολεομένης
591 835 682 912 αὗτῆς.
726 838 786 896 ἐπεὶ
804 837 834 896 δέ
850 837 976 916 ἀνηνείχ-

174 924 266 1000 θησαν
292 928 321 985 αί
347 929 456 1006 γνῶμαι
480 927 507 986 ἐς
530 923 644 1001 Ξέρξεα,
669 923 756 1000 κόρτα
783 951 813 984 τε
839 923 916 1001 ἥσθη
940 929 977 1004 τῇ

173 1011 270 1093 γνώμῃ
290 1017 340 1089 τῆς
360 1011 547 1090 Ἀρτεμισίης,
569 1011 616 1070 καὶ
639 1013 755 1090 νομίζων
779 1015 819 1073 ἐτι
839 1011 977 1090 πρότερον

174 1102 330 1179 σπουδαίην
344 1101 421 1172 εἶναι,
435 1100 499 1161 τότε
511 1104 612 1179 πολλῷ
629 1105 742 1177 μᾶλλον
756 1103 837 1162 αἴνεε·
859 1100 933 1178 ὅμως
946 1102 977 1162 δέ

173 1193 250 1249 τοῖσι
279 1192 384 1250 πλέοσι
414 1189 563 1250 πείθεσθαι
589 1191 698 1249 ἐκέλευε
723 1189 797 1260 τάδε,
824 1189 977 1260 καταδόξας

173 1277 245 1354 πρδς
256 1282 308 1356 μέν
321 1277 432 1356 Εύβοίη
445 1278 537 1354 σφέας
553 1277 742 1338 ἐθελοκακέειν
760 1277 796 1342 ιύς
812 1277 844 1338 ού
860 1279 977 1355 παρεόν-

172 1392 221 1429 τος
236 1367 330 1427 αύτοῦ·
350 1367 413 1428 τότε
431 1368 461 1426 δέ
480 1365 563 1429 αύτός
580 1366 795 1444 παρεσκεύαστο
816 1366 978 1444 θεήσασθαι

173 1457 388 1534 ναυμαχέοντας.

126 1544 164 1602 70
213 1542 327 1619 Ἐπειδὴ
348 1544 377 1602 δέ
398 1543 598 1626 παρήγγελλον
617 1542 782 1613 α’ναπλύειν,
801 1541 906 1624 ἀνῆγον
926 1543 978 1608 τός

174 1633 241 1706 νῆας
258 1633 303 1691 ἐπὶ
321 1632 373 1708 τήν
393 1633 550 1709 Σαλαμῖνα,
568 1632 614 1692 καὶ
634 1631 844 1708 παρεκρίθησαν
864 1631 977 1711 διαταχ-

174 1719 265 1784 θέντες
292 1720 350 1780 κατ’
371 1719 501 1799 ἡσυχίην.
543 1721 607 1782 τότε
629 1721 681 1797 μέν
702 1746 749 1780 νυν
771 1719 819 1780 ούκ
841 1719 978 1798 ἐξέχρησέ

174 1815 230 1885 σφι
247 1809 266 1886 ηι
283 1809 373 1887 ἡμέρη
391 1812 546 1889 ναυμαχίην
563 1809 749 1885 ποιήσασθαι·
775 1808 825 1878 νύξ
842 1808 896 1888 γὰρ
915 1813 977 1867 ἐπε-

172 1899 277 1977 γένετο·
313 1902 339 1957 οἱ
365 1899 395 1958 δέ
421 1899 661 1975 παρεσκευάζοπο
688 1903 716 1961 ἐς
740 1896 793 1973 τήν
816 1896 977 1974 ὑστεραίην.

172 1986 237 2050 τούς
260 1987 290 2046 δέ
311 1986 456 2064 Ἕλληνας
482 1987 540 2066 εἶχε
567 1987 628 2050 δέος
648 2013 679 2046 τε
703 1986 749 2046 καὶ
771 1984 899 2062 ὀρρωδίη,
925 1985 977 2045 ούκ

173 2073 277 2148 ἥκιστα
297 2076 326 2135 δέ
346 2077 410 2139 τούς
430 2075 487 2135 ἀπό
509 2074 742 2150 Πελοποννήσου·
777 2073 915 2151 ἀρρώδεον
935 2073 974 2147 δέ,

173 2161 216 2222 ὅτι
234 2163 312 2223 αὐτοὶ
330 2167 381 2241 μέν
399 2169 428 2223 ε’ν
448 2165 588 2242 Σαλαμῖνι
607 2162 756 2240 κατήμενοι
776 2161 845 2237 ύπέρ
861 2165 913 2241 γῆς
926 2165 979 2236 τῆς

172 2249 325 2326 Ἀθηναίων
348 2253 513 2331 ναυμαχέειν
535 2253 677 2328 μέλλοιεν·
708 2250 864 2326 νικηθέντες
884 2273 923 2318 τε,
947 2254 978 2308 ἐν

172 2338 249 2418 νήσῳ
269 2338 504 2415 ἀπολαμφθέντες
524 2338 764 2417 πολιορκήσονται
789 2337 903 2400 ἀπέντες
924 2336 978 2412 τήν

174 2431 278 2486 ἐωυτῶν
292 2426 464 2502 ἀφύλακτον.

127 2517 160 2577 71
213 2519 274 2575 Τῶν
298 2515 327 2575 δέ
353 2515 510 2594 βαρβάρων
533 2515 549 2574 ὁ
570 2515 653 2586 πεζός
674 2513 729 2574 ύπδ
744 2513 796 2590 τήν
813 2515 979 2590 παρεοῦσαν

172 2604 256 2664 νύκτα
275 2605 421 2682 ἐπορεύετο
439 2605 484 2664 ἐπὶ
502 2603 554 2680 τήν
571 2602 803 2680 Πελοπόννησον·
834 2601 923 2660 καίτοι
939 2601 978 2675 vd

172 2692 274 2752 δυνατὰ
290 2693 383 2752 πάντα
401 2691 603 2770 ἐμεμηχάνητο,
626 2689 695 2754 ὅκως
717 2689 776 2750 κατ’
797 2689 911 2766 ἤπειρον
933 2686 978 2765 μή

172 2780 326 2856 ἐσβάλοιεν
339 2783 366 2840 οἱ
379 2780 531 2859 βάρβαροι.
575 2779 611 2843 ὥς
628 2779 684 2860 γὰρ
703 2779 839 2839 ἐπύθοντο
851 2776 978 2855 τάχιστα

173 2869 399 2944 Πελοποννήσιοι
411 2869 474 2932 τούς
488 2867 563 2945 ἀμφὶ
576 2867 713 2927 Λεωνίδεα
727 2872 756 2927 ἐν
770 2865 978 2944 Θερμοπύλῃσι

171 2957 401 3032 τετελευτηκέναι,
417 2956 622 3033 συνδραμόντες
641 2959 741 3016 ἐκτῶν
759 2954 866 3014 πολίων
885 2958 912 3016 ἐς
925 2952 978 3012 τόν

171 3042 288 3118 Ἰσθμόν
302 3044 401 3114 ἵζοντο·
417 3046 465 3102 καί
475 3050 532 3118 σφι
545 3047 615 3118 ἐπῆν
629 3043 789 3124 στρατηγός
803 3041 976 3118 Κλεόμβρο-
1024 3056 1030 3064 “

171 3155 218 3192 τος
228 3130 244 3188 ὁ
253 3129 477 3207 Ἀναξανδρίδεω,
488 3131 629 3191 Λεωνίδεω
640 3132 670 3191 δέ
684 3131 830 3208 ἀδελφεός·
854 3130 979 3207 ἱζόμενοι

172 3217 202 3274 δέ
224 3222 252 3275 ἐν
273 3221 311 3295 τῷ
333 3217 440 3296 Ἰσθμῷ
463 3219 508 3276 καὶ
530 3219 728 3299 συγχώσαντες
749 3220 801 3296 τήν
823 3217 980 3295 Σκιρωνίδα

171 3301 245 3371 ὁδόν,
272 3303 344 3380 μετὰ
367 3309 459 3375 τοῦτο,
484 3305 519 3371 ὥς
542 3312 600 3381 σφι
625 3307 701 3376 ἔδοξε
728 3308 979 3384 βουλευομένοισι,
