<?xml version="1.0" encoding="UTF-8"?>
<!DOCTYPE html PUBLIC "-//W3C//DTD XHTML 1.0 Transitional//EN"
    "http://www.w3.org/TR/xhtml1/DTD/xhtml1-transitional.dtd">
<html xmlns="http://www.w3.org/1999/xhtml" xml:lang="en" lang="en">
 <head>
  <title>
</title>
<meta http-equiv="Content-Type" content="text/html;charset=utf-8" />
  <meta name='ocr-system' content='tesseract 3.04.00' />
  <meta name='ocr-capabilities' content='ocr_page ocr_carea ocr_par ocr_line ocrx_word'/>
</head>
<body>
  <div class='ocr_page' id='page_1' title='image "./herodotusrecens00blakgoog_0016.png"; bbox 0 0 2258 3568; ppageno 0'>
   <div class='ocr_carea' id='block_1_1' title="bbox 114 136 966 3442">
    <p class='ocr_par' dir='ltr' id='par_1_1' title="bbox 114 136 966 3442">
     <span class='ocr_line' id='line_1_1' title="bbox 164 136 962 200; baseline -0.003 -13"><span class='ocrx_word' id='word_1_1' title='bbox 164 141 179 187; x_wconf 82' lang='grc' dir='ltr'>υ</span> <span class='ocrx_word' id='word_1_2' title='bbox 469 137 653 186; x_wconf 77' lang='grc' dir='ltr'>·υι&gt;οιουου</span> <span class='ocrx_word' id='word_1_3' title='bbox 906 136 962 200; x_wconf 72' lang='grc' dir='ltr'>ην.</span> 
     </span>
     <span class='ocr_line' id='line_1_2' title="bbox 163 215 965 298; baseline -0.001 -21"><span class='ocrx_word' id='word_1_4' title='bbox 163 218 312 288; x_wconf 84' lang='grc' dir='ltr'>άναπαύεο,</span> <span class='ocrx_word' id='word_1_5' title='bbox 325 218 397 296; x_wconf 73' lang='grc' dir='ltr'>μηδὲ</span> <span class='ocrx_word' id='word_1_6' title='bbox 409 216 525 293; x_wconf 79' lang='grc' dir='ltr'>λιπάρεε</span> <span class='ocrx_word' id='word_1_7' title='bbox 539 221 575 295; x_wconf 75' lang='grc' dir='ltr'>τῇ</span> <span class='ocrx_word' id='word_1_8' title='bbox 588 216 681 276; x_wconf 85' lang='grc' dir='ltr'>πόσει·</span> <span class='ocrx_word' id='word_1_9' title='bbox 698 215 751 298; x_wconf 81' lang='grc' dir='ltr'>ἐγῶ</span> <span class='ocrx_word' id='word_1_10' title='bbox 761 216 791 276; x_wconf 78' lang='grc' dir='ltr'>δὲ</span> <span class='ocrx_word' id='word_1_11' title='bbox 800 215 965 293; x_wconf 77' lang='grc' dir='ltr'>προσμένων</span> 
     </span>
     <span class='ocr_line' id='line_1_3' title="bbox 162 302 964 384; baseline 0 -21"><span class='ocrx_word' id='word_1_12' title='bbox 162 304 248 364; x_wconf 84' lang='grc' dir='ltr'>αύτοῦ</span> <span class='ocrx_word' id='word_1_13' title='bbox 255 306 329 384; x_wconf 82' lang='grc' dir='ltr'>τῇδε,</span> <span class='ocrx_word' id='word_1_14' title='bbox 337 303 429 364; x_wconf 86' lang='grc' dir='ltr'>πάντα</span> <span class='ocrx_word' id='word_1_15' title='bbox 436 304 472 364; x_wconf 86' lang='grc' dir='ltr'>ταὶ</span> <span class='ocrx_word' id='word_1_16' title='bbox 481 305 610 380; x_wconf 80' lang='grc' dir='ltr'>ἐπιτήδεα</span> <span class='ocrx_word' id='word_1_17' title='bbox 620 303 730 380; x_wconf 88' lang='grc' dir='ltr'>παρέξω</span> <span class='ocrx_word' id='word_1_18' title='bbox 739 307 815 364; x_wconf 81' lang='grc' dir='ltr'>τοῖσι</span> <span class='ocrx_word' id='word_1_19' title='bbox 824 303 938 374; x_wconf 89' lang='grc' dir='ltr'>ξείνοισι</span> <span class='ocrx_word' id='word_1_20' title='bbox 942 302 964 364; x_wconf 85' lang='grc'>.”</span> 
     </span>
     <span class='ocr_line' id='line_1_4' title="bbox 162 391 965 475; baseline 0.002 -24"><span class='ocrx_word' id='word_1_21' title='bbox 162 391 233 470; x_wconf 81' lang='grc' dir='ltr'>πρός</span> <span class='ocrx_word' id='word_1_22' title='bbox 244 397 332 452; x_wconf 79' lang='grc' dir='ltr'>ταῦτα</span> <span class='ocrx_word' id='word_1_23' title='bbox 346 391 472 456; x_wconf 82' lang='grc' dir='ltr'>συνιεῖςό</span> <span class='ocrx_word' id='word_1_24' title='bbox 482 391 619 468; x_wconf 79' lang='grc' dir='ltr'>Ἀμύντης</span> <span class='ocrx_word' id='word_1_25' title='bbox 630 392 673 452; x_wconf 85' lang='grc' dir='ltr'>ὅτι</span> <span class='ocrx_word' id='word_1_26' title='bbox 683 392 802 470; x_wconf 78' lang='grc' dir='ltr'>νεώτερα</span> <span class='ocrx_word' id='word_1_27' title='bbox 813 392 965 475; x_wconf 80' lang='grc' dir='ltr'>πρήγματα</span> 
     </span>
     <span class='ocr_line' id='line_1_5' title="bbox 162 479 965 562; baseline 0.004 -23"><span class='ocrx_word' id='word_1_28' title='bbox 162 479 277 558; x_wconf 80' lang='grc' dir='ltr'>πρήξειν</span> <span class='ocrx_word' id='word_1_29' title='bbox 290 481 392 557; x_wconf 88' lang='grc' dir='ltr'>μέλλει</span> <span class='ocrx_word' id='word_1_30' title='bbox 404 480 597 558; x_wconf 85' lang='grc' dir='ltr'>Ἀλέξανδρος,</span> <span class='ocrx_word' id='word_1_31' title='bbox 612 481 698 562; x_wconf 81' lang='grc' dir='ltr'>λέγει·</span> <span class='ocrx_word' id='word_1_32' title='bbox 721 480 769 539; x_wconf 87' lang='grc' dir='ltr'>“ῶ</span> <span class='ocrx_word' id='word_1_33' title='bbox 787 486 847 550; x_wconf 85' lang='grc' dir='ltr'>παῖ,</span> <span class='ocrx_word' id='word_1_34' title='bbox 862 482 965 561; x_wconf 83' lang='grc' dir='ltr'>σχεδόν</span> 
     </span>
     <span class='ocr_line' id='line_1_6' title="bbox 161 568 965 651; baseline 0.002 -23"><span class='ocrx_word' id='word_1_35' title='bbox 161 568 217 650; x_wconf 90' lang='grc' dir='ltr'>γάρ</span> <span class='ocrx_word' id='word_1_36' title='bbox 231 595 283 629; x_wconf 88' lang='grc' dir='ltr'>σευ</span> <span class='ocrx_word' id='word_1_37' title='bbox 296 568 496 647; x_wconf 78' lang='grc' dir='ltr'>ἀνακαιομένου</span> <span class='ocrx_word' id='word_1_38' title='bbox 510 572 625 647; x_wconf 81' lang='grc' dir='ltr'>συνίημι</span> <span class='ocrx_word' id='word_1_39' title='bbox 643 569 708 633; x_wconf 84' lang='grc' dir='ltr'>τούς</span> <span class='ocrx_word' id='word_1_40' title='bbox 724 569 834 651; x_wconf 79' lang='grc' dir='ltr'>λόγους,</span> <span class='ocrx_word' id='word_1_41' title='bbox 851 570 894 629; x_wconf 85' lang='grc' dir='ltr'>ὅτι</span> <span class='ocrx_word' id='word_1_42' title='bbox 908 570 965 630; x_wconf 85' lang='grc' dir='ltr'>ε’θέ-</span> 
     </span>
     <span class='ocr_line' id='line_1_7' title="bbox 161 655 965 738; baseline 0.002 -22"><span class='ocrx_word' id='word_1_43' title='bbox 161 661 221 721; x_wconf 90' lang='grc' dir='ltr'>λεις</span> <span class='ocrx_word' id='word_1_44' title='bbox 242 660 291 734; x_wconf 82' lang='grc' dir='ltr'>ἐμὲ</span> <span class='ocrx_word' id='word_1_45' title='bbox 308 658 452 737; x_wconf 86' lang='grc' dir='ltr'>ἐκπέμψας</span> <span class='ocrx_word' id='word_1_46' title='bbox 465 658 570 718; x_wconf 87' lang='grc' dir='ltr'>ποιέειν</span> <span class='ocrx_word' id='word_1_47' title='bbox 582 684 610 717; x_wconf 87' lang='grc' dir='ltr'>τι</span> <span class='ocrx_word' id='word_1_48' title='bbox 628 657 768 735; x_wconf 79' lang='grc' dir='ltr'>νεώτερον·</span> <span class='ocrx_word' id='word_1_49' title='bbox 790 657 845 738; x_wconf 85' lang='grc' dir='ltr'>ἐγῶ</span> <span class='ocrx_word' id='word_1_50' title='bbox 861 655 898 716; x_wconf 87' lang='grc' dir='ltr'>ῶν</span> <span class='ocrx_word' id='word_1_51' title='bbox 913 684 965 718; x_wconf 88' lang='grc' dir='ltr'>σευ</span> 
     </span>
     <span class='ocr_line' id='line_1_8' title="bbox 161 743 965 824; baseline 0 -20"><span class='ocrx_word' id='word_1_52' title='bbox 161 745 266 824; x_wconf 76' lang='grc' dir='ltr'>χρηίζω</span> <span class='ocrx_word' id='word_1_53' title='bbox 280 746 366 823; x_wconf 76' lang='grc' dir='ltr'>μηδὲν</span> <span class='ocrx_word' id='word_1_54' title='bbox 380 751 540 824; x_wconf 81' lang='grc' dir='ltr'>νεοχμῶσαι</span> <span class='ocrx_word' id='word_1_55' title='bbox 554 745 612 806; x_wconf 85' lang='grc' dir='ltr'>κατ’</span> <span class='ocrx_word' id='word_1_56' title='bbox 624 743 724 824; x_wconf 73' lang='grc' dir='ltr'>ἄνδρας</span> <span class='ocrx_word' id='word_1_57' title='bbox 737 745 859 816; x_wconf 79' lang='grc' dir='ltr'>τούτους,</span> <span class='ocrx_word' id='word_1_58' title='bbox 871 747 915 806; x_wconf 77' lang='grc' dir='ltr'>ἵνα</span> <span class='ocrx_word' id='word_1_59' title='bbox 924 747 965 823; x_wconf 74' lang='grc' dir='ltr'>μὴ</span> 
     </span>
     <span class='ocr_line' id='line_1_9' title="bbox 163 833 963 914; baseline 0 -22"><span class='ocrx_word' id='word_1_60' title='bbox 163 833 301 914; x_wconf 74' lang='grc' dir='ltr'>ἐξεργάσῃ</span> <span class='ocrx_word' id='word_1_61' title='bbox 321 833 418 911; x_wconf 75' lang='grc' dir='ltr'>ἡμέας·</span> <span class='ocrx_word' id='word_1_62' title='bbox 440 833 518 894; x_wconf 79' lang='grc' dir='ltr'>άλλά</span> <span class='ocrx_word' id='word_1_63' title='bbox 536 834 634 913; x_wconf 78' lang='grc' dir='ltr'>ἀνέχευ</span> <span class='ocrx_word' id='word_1_64' title='bbox 653 833 791 911; x_wconf 77' lang='grc' dir='ltr'>όρέωνπά</span> <span class='ocrx_word' id='word_1_65' title='bbox 805 834 963 910; x_wconf 82' lang='grc' dir='ltr'>ποιεύμενα·</span> 
     </span>
     <span class='ocr_line' id='line_1_10' title="bbox 114 915 964 1003; baseline 0.002 -23"><span class='ocrx_word' id='word_1_66' title='bbox 114 923 152 981; x_wconf 79' lang='grc'>20</span> <span class='ocrx_word' id='word_1_67' title='bbox 162 921 238 997; x_wconf 73' lang='grc' dir='ltr'>ἀμφὶ</span> <span class='ocrx_word' id='word_1_68' title='bbox 259 921 288 980; x_wconf 85' lang='grc' dir='ltr'>δέ</span> <span class='ocrx_word' id='word_1_69' title='bbox 309 921 403 1002; x_wconf 75' lang='grc' dir='ltr'>ἀπόδῳ</span> <span class='ocrx_word' id='word_1_70' title='bbox 423 927 459 1003; x_wconf 74' lang='grc' dir='ltr'>τῇ</span> <span class='ocrx_word' id='word_1_71' title='bbox 481 927 535 1000; x_wconf 82' lang='grc' dir='ltr'>ἐμῇ</span> <span class='ocrx_word' id='word_1_72' title='bbox 555 923 693 999; x_wconf 85' lang='grc' dir='ltr'>πείσομαί</span> <span class='ocrx_word' id='word_1_73' title='bbox 718 921 787 982; x_wconf 82' lang='grc' dir='ltr'>τοι.”</span> <span class='ocrx_word' id='word_1_74' title='bbox 829 921 878 985; x_wconf 87' lang='grc' dir='ltr'>Ὡς</span> <span class='ocrx_word' id='word_1_75' title='bbox 898 923 927 981; x_wconf 80' lang='grc' dir='ltr'>δὲ</span> <span class='ocrx_word' id='word_1_76' title='bbox 948 915 964 982; x_wconf 84' lang='grc' dir='ltr'>ό</span> 
     </span>
     <span class='ocr_line' id='line_1_11' title="bbox 161 1008 964 1093; baseline 0.004 -26"><span class='ocrx_word' id='word_1_77' title='bbox 161 1008 300 1086; x_wconf 83' lang='grc' dir='ltr'>Ἀμύντης</span> <span class='ocrx_word' id='word_1_78' title='bbox 315 1010 426 1090; x_wconf 81' lang='grc' dir='ltr'>χρῄσας</span> <span class='ocrx_word' id='word_1_79' title='bbox 441 1012 545 1072; x_wconf 87' lang='grc' dir='ltr'>τούτων</span> <span class='ocrx_word' id='word_1_80' title='bbox 564 1010 685 1090; x_wconf 78' lang='grc' dir='ltr'>οἰχώκεε,</span> <span class='ocrx_word' id='word_1_81' title='bbox 702 1011 783 1093; x_wconf 88' lang='grc' dir='ltr'>λέγει</span> <span class='ocrx_word' id='word_1_82' title='bbox 799 1010 815 1071; x_wconf 87' lang='grc' dir='ltr'>ό</span> <span class='ocrx_word' id='word_1_83' title='bbox 833 1009 964 1080; x_wconf 81' lang='grc' dir='ltr'>Ἀλέξαν-</span> 
     </span>
     <span class='ocr_line' id='line_1_12' title="bbox 151 1097 966 1184; baseline 0.002 -28"><span class='ocrx_word' id='word_1_84' title='bbox 151 1097 226 1175; x_wconf 91' lang='grc' dir='ltr'>Ιδρος</span> <span class='ocrx_word' id='word_1_85' title='bbox 252 1099 323 1176; x_wconf 85' lang='grc' dir='ltr'>πρός</span> <span class='ocrx_word' id='word_1_86' title='bbox 350 1099 415 1162; x_wconf 84' lang='grc' dir='ltr'>τούς</span> <span class='ocrx_word' id='word_1_87' title='bbox 442 1099 567 1178; x_wconf 84' lang='grc' dir='ltr'>Πέρσας·</span> <span class='ocrx_word' id='word_1_88' title='bbox 610 1111 627 1136; x_wconf 90' lang='grc'><strong>“</strong></span> <span class='ocrx_word' id='word_1_89' title='bbox 635 1104 772 1184; x_wconf 91' lang='grc' dir='ltr'>γυναικῶν</span> <span class='ocrx_word' id='word_1_90' title='bbox 795 1099 921 1168; x_wconf 86' lang='grc' dir='ltr'>τουτέων,</span> <span class='ocrx_word' id='word_1_91' title='bbox 945 1099 966 1158; x_wconf 84' lang='grc' dir='ltr'><strong><em>ὦ</em></strong></span> 
     </span>
     <span class='ocr_line' id='line_1_13' title="bbox 162 1186 964 1266; baseline 0 -20"><span class='ocrx_word' id='word_1_92' title='bbox 162 1186 255 1257; x_wconf 83' lang='grc' dir='ltr'>ξεῖνοι,</span> <span class='ocrx_word' id='word_1_93' title='bbox 285 1187 383 1264; x_wconf 86' lang='grc' dir='ltr'>πολλή</span> <span class='ocrx_word' id='word_1_94' title='bbox 408 1194 470 1248; x_wconf 87' lang='grc' dir='ltr'>ἐστι</span> <span class='ocrx_word' id='word_1_95' title='bbox 496 1189 562 1266; x_wconf 82' lang='grc' dir='ltr'>ύμῖν</span> <span class='ocrx_word' id='word_1_96' title='bbox 584 1189 718 1266; x_wconf 87' lang='grc' dir='ltr'>εύπετείη,</span> <span class='ocrx_word' id='word_1_97' title='bbox 741 1189 787 1248; x_wconf 90' lang='grc' dir='ltr'>καὶ</span> <span class='ocrx_word' id='word_1_98' title='bbox 809 1192 833 1248; x_wconf 82' lang='grc' dir='ltr'>εἰ</span> <span class='ocrx_word' id='word_1_99' title='bbox 852 1187 964 1266; x_wconf 83' lang='grc' dir='ltr'>πάσῃσι</span> 
     </span>
     <span class='ocr_line' id='line_1_14' title="bbox 161 1275 965 1357; baseline 0.001 -24"><span class='ocrx_word' id='word_1_100' title='bbox 161 1275 308 1351; x_wconf 86' lang='grc' dir='ltr'>βούλεσθε</span> <span class='ocrx_word' id='word_1_101' title='bbox 321 1276 477 1357; x_wconf 84' lang='grc' dir='ltr'>μίσγεσθαι</span> <span class='ocrx_word' id='word_1_102' title='bbox 490 1278 536 1336; x_wconf 85' lang='grc' dir='ltr'>καὶ</span> <span class='ocrx_word' id='word_1_103' title='bbox 552 1277 674 1356; x_wconf 82' lang='grc' dir='ltr'>ὁκόσῃσι</span> <span class='ocrx_word' id='word_1_104' title='bbox 688 1277 725 1337; x_wconf 87' lang='grc' dir='ltr'>ῶν</span> <span class='ocrx_word' id='word_1_105' title='bbox 739 1276 851 1338; x_wconf 87' lang='grc' dir='ltr'>αύτέων·</span> <span class='ocrx_word' id='word_1_106' title='bbox 865 1275 965 1336; x_wconf 87' lang='grc' dir='ltr'>τούτου</span> 
     </span>
     <span class='ocr_line' id='line_1_15' title="bbox 159 1362 964 1444; baseline -0.001 -22"><span class='ocrx_word' id='word_1_107' title='bbox 159 1365 212 1440; x_wconf 83' lang='grc' dir='ltr'>μὲν</span> <span class='ocrx_word' id='word_1_108' title='bbox 232 1364 296 1441; x_wconf 91' lang='grc' dir='ltr'>πέρι</span> <span class='ocrx_word' id='word_1_109' title='bbox 317 1363 395 1422; x_wconf 80' lang='grc' dir='ltr'>αύτοὶ</span> <span class='ocrx_word' id='word_1_110' title='bbox 417 1363 636 1441; x_wconf 70' lang='grc' dir='ltr'>ἀποσημανέετε·</span> <span class='ocrx_word' id='word_1_111' title='bbox 661 1370 709 1426; x_wconf 80' lang='grc' dir='ltr'>νύν</span> <span class='ocrx_word' id='word_1_112' title='bbox 728 1366 765 1434; x_wconf 87' lang='grc' dir='ltr'>δέ,</span> <span class='ocrx_word' id='word_1_113' title='bbox 788 1364 892 1442; x_wconf 87' lang='grc' dir='ltr'>σχεδόν</span> <span class='ocrx_word' id='word_1_114' title='bbox 908 1362 964 1444; x_wconf 81' lang='grc' dir='ltr'>γάρ</span> 
     </span>
     <span class='ocr_line' id='line_1_16' title="bbox 161 1449 964 1532; baseline -0.002 -22"><span class='ocrx_word' id='word_1_115' title='bbox 161 1449 216 1528; x_wconf 83' lang='grc' dir='ltr'>ἤδη</span> <span class='ocrx_word' id='word_1_116' title='bbox 235 1455 286 1528; x_wconf 83' lang='grc' dir='ltr'>τῆς</span> <span class='ocrx_word' id='word_1_117' title='bbox 313 1452 405 1527; x_wconf 79' lang='grc' dir='ltr'>κοίτης</span> <span class='ocrx_word' id='word_1_118' title='bbox 426 1451 482 1529; x_wconf 84' lang='grc' dir='ltr'>ῶρη</span> <span class='ocrx_word' id='word_1_119' title='bbox 502 1452 691 1532; x_wconf 86' lang='grc' dir='ltr'>προσέρχεται</span> <span class='ocrx_word' id='word_1_120' title='bbox 711 1452 777 1528; x_wconf 85' lang='grc' dir='ltr'>ύμῖν</span> <span class='ocrx_word' id='word_1_121' title='bbox 801 1453 847 1510; x_wconf 88' lang='grc' dir='ltr'>καὶ</span> <span class='ocrx_word' id='word_1_122' title='bbox 873 1454 964 1514; x_wconf 89' lang='grc' dir='ltr'>καλῶς</span> 
     </span>
     <span class='ocr_line' id='line_1_17' title="bbox 164 1537 964 1620; baseline -0.001 -22"><span class='ocrx_word' id='word_1_123' title='bbox 164 1540 278 1618; x_wconf 85' lang='grc' dir='ltr'>ἐχοντας</span> <span class='ocrx_word' id='word_1_124' title='bbox 294 1539 379 1616; x_wconf 84' lang='grc' dir='ltr'>ύμέας</span> <span class='ocrx_word' id='word_1_125' title='bbox 398 1539 467 1618; x_wconf 86' lang='grc' dir='ltr'>ύρέω</span> <span class='ocrx_word' id='word_1_126' title='bbox 482 1540 576 1617; x_wconf 84' lang='grc' dir='ltr'>μέθης,</span> <span class='ocrx_word' id='word_1_127' title='bbox 591 1544 723 1620; x_wconf 84' lang='grc' dir='ltr'>γυναῖκας</span> <span class='ocrx_word' id='word_1_128' title='bbox 736 1539 847 1608; x_wconf 87' lang='grc' dir='ltr'>ταύτας,</span> <span class='ocrx_word' id='word_1_129' title='bbox 862 1542 886 1598; x_wconf 84' lang='grc' dir='ltr'>εί</span> <span class='ocrx_word' id='word_1_130' title='bbox 898 1537 964 1615; x_wconf 84' lang='grc' dir='ltr'>ύμῖν</span> 
     </span>
     <span class='ocr_line' id='line_1_18' title="bbox 163 1625 964 1704; baseline -0.002 -18"><span class='ocrx_word' id='word_1_131' title='bbox 163 1629 251 1704; x_wconf 88' lang='grc' dir='ltr'>φίλον</span> <span class='ocrx_word' id='word_1_132' title='bbox 265 1628 334 1698; x_wconf 85' lang='grc' dir='ltr'>ἐστὶ,</span> <span class='ocrx_word' id='word_1_133' title='bbox 344 1626 432 1703; x_wconf 78' lang='grc' dir='ltr'>όψετε</span> <span class='ocrx_word' id='word_1_134' title='bbox 445 1627 617 1688; x_wconf 88' lang='grc' dir='ltr'>λούσασθαι·</span> <span class='ocrx_word' id='word_1_135' title='bbox 631 1627 810 1704; x_wconf 89' lang='grc' dir='ltr'>λουσαμένας</span> <span class='ocrx_word' id='word_1_136' title='bbox 821 1627 858 1696; x_wconf 87' lang='grc' dir='ltr'>δέ,</span> <span class='ocrx_word' id='word_1_137' title='bbox 871 1625 964 1686; x_wconf 80' lang='grc' dir='ltr'>ὀπίσω</span> 
     </span>
     <span class='ocr_line' id='line_1_19' title="bbox 162 1713 965 1795; baseline -0.001 -20"><span class='ocrx_word' id='word_1_138' title='bbox 162 1716 380 1793; x_wconf 84' lang='grc' dir='ltr'>προσδέκεσθε.”</span> <span class='ocrx_word' id='word_1_139' title='bbox 422 1718 501 1778; x_wconf 80' lang='grc' dir='ltr'>εἶπας</span> <span class='ocrx_word' id='word_1_140' title='bbox 517 1720 613 1794; x_wconf 77' lang='grc' dir='ltr'>ταῦτα,</span> <span class='ocrx_word' id='word_1_141' title='bbox 632 1716 794 1775; x_wconf 89' lang='grc' dir='ltr'>συνέπαινοι</span> <span class='ocrx_word' id='word_1_142' title='bbox 814 1714 868 1795; x_wconf 82' lang='grc' dir='ltr'>γάρ</span> <span class='ocrx_word' id='word_1_143' title='bbox 889 1713 965 1790; x_wconf 87' lang='grc' dir='ltr'>ἦσαν</span> 
     </span>
     <span class='ocr_line' id='line_1_20' title="bbox 163 1802 965 1886; baseline -0.001 -23"><span class='ocrx_word' id='word_1_144' title='bbox 163 1808 190 1863; x_wconf 86' lang='grc' dir='ltr'>οἶ</span> <span class='ocrx_word' id='word_1_145' title='bbox 204 1805 324 1882; x_wconf 88' lang='grc' dir='ltr'>Πέρσαι,</span> <span class='ocrx_word' id='word_1_146' title='bbox 344 1808 476 1886; x_wconf 80' lang='grc' dir='ltr'>γυναῖκας</span> <span class='ocrx_word' id='word_1_147' title='bbox 501 1807 553 1880; x_wconf 79' lang='grc' dir='ltr'>μὲν</span> <span class='ocrx_word' id='word_1_148' title='bbox 574 1803 743 1872; x_wconf 80' lang='grc' dir='ltr'>ἐξελθούσας</span> <span class='ocrx_word' id='word_1_149' title='bbox 767 1802 914 1879; x_wconf 78' lang='grc' dir='ltr'>ἀπέπεμπε</span> <span class='ocrx_word' id='word_1_150' title='bbox 938 1809 965 1867; x_wconf 92' lang='grc' dir='ltr'>ἐς</span> 
     </span>
     <span class='ocr_line' id='line_1_21' title="bbox 161 1891 964 1975; baseline 0 -23"><span class='ocrx_word' id='word_1_151' title='bbox 161 1892 214 1968; x_wconf 78' lang='grc' dir='ltr'>την</span> <span class='ocrx_word' id='word_1_152' title='bbox 231 1894 401 1975; x_wconf 75' lang='grc' dir='ltr'>γυναικηίην·</span> <span class='ocrx_word' id='word_1_153' title='bbox 423 1892 506 1955; x_wconf 86' lang='grc' dir='ltr'>αύτός</span> <span class='ocrx_word' id='word_1_154' title='bbox 522 1893 552 1952; x_wconf 82' lang='grc' dir='ltr'>δὲ</span> <span class='ocrx_word' id='word_1_155' title='bbox 571 1891 586 1952; x_wconf 87' lang='grc' dir='ltr'>ό</span> <span class='ocrx_word' id='word_1_156' title='bbox 604 1891 790 1969; x_wconf 86' lang='grc' dir='ltr'>Ἀλέξανδρος</span> <span class='ocrx_word' id='word_1_157' title='bbox 805 1891 883 1956; x_wconf 83' lang='grc' dir='ltr'>ἴσους</span> <span class='ocrx_word' id='word_1_158' title='bbox 896 1897 964 1972; x_wconf 75' lang='grc' dir='ltr'>τῇσι</span> 
     </span>
     <span class='ocr_line' id='line_1_22' title="bbox 162 1980 964 2062; baseline 0 -21"><span class='ocrx_word' id='word_1_159' title='bbox 162 1981 271 2061; x_wconf 77' lang='grc' dir='ltr'>γυναιξὶ</span> <span class='ocrx_word' id='word_1_160' title='bbox 282 1980 402 2059; x_wconf 79' lang='grc' dir='ltr'>α’ριθμόν</span> <span class='ocrx_word' id='word_1_161' title='bbox 415 1980 515 2058; x_wconf 76' lang='grc' dir='ltr'>ἄνδρας</span> <span class='ocrx_word' id='word_1_162' title='bbox 528 1982 710 2062; x_wconf 88' lang='grc' dir='ltr'>λειογενείους</span> <span class='ocrx_word' id='word_1_163' title='bbox 720 1985 755 2060; x_wconf 81' lang='grc' dir='ltr'>τῇ</span> <span class='ocrx_word' id='word_1_164' title='bbox 764 1985 820 2040; x_wconf 88' lang='grc' dir='ltr'>τῶν</span> <span class='ocrx_word' id='word_1_165' title='bbox 828 1985 964 2062; x_wconf 87' lang='grc' dir='ltr'>γυναικῶν</span> 
     </span>
     <span class='ocr_line' id='line_1_23' title="bbox 164 2068 963 2150; baseline 0 -22"><span class='ocrx_word' id='word_1_166' title='bbox 164 2071 261 2146; x_wconf 80' lang='grc' dir='ltr'>ἐσθῆτι</span> <span class='ocrx_word' id='word_1_167' title='bbox 280 2069 428 2142; x_wconf 87' lang='grc' dir='ltr'>σκευάσας,</span> <span class='ocrx_word' id='word_1_168' title='bbox 446 2069 491 2128; x_wconf 84' lang='grc' dir='ltr'>καὶ</span> <span class='ocrx_word' id='word_1_169' title='bbox 508 2069 659 2148; x_wconf 84' lang='grc' dir='ltr'>ἐγχειρίδια</span> <span class='ocrx_word' id='word_1_170' title='bbox 677 2068 748 2139; x_wconf 86' lang='grc' dir='ltr'>δούς,</span> <span class='ocrx_word' id='word_1_171' title='bbox 768 2073 879 2150; x_wconf 81' lang='grc' dir='ltr'>παρῆγε</span> <span class='ocrx_word' id='word_1_172' title='bbox 899 2069 963 2128; x_wconf 85' lang='grc' dir='ltr'>ἔσω.</span> 
     </span>
     <span class='ocr_line' id='line_1_24' title="bbox 164 2155 965 2239; baseline 0.002 -24"><span class='ocrx_word' id='word_1_173' title='bbox 164 2158 295 2239; x_wconf 88' lang='grc' dir='ltr'>παράγων</span> <span class='ocrx_word' id='word_1_174' title='bbox 309 2158 338 2217; x_wconf 87' lang='grc' dir='ltr'>δέ</span> <span class='ocrx_word' id='word_1_175' title='bbox 355 2158 470 2221; x_wconf 88' lang='grc' dir='ltr'>τούτους</span> <span class='ocrx_word' id='word_1_176' title='bbox 489 2158 569 2238; x_wconf 79' lang='grc' dir='ltr'>ἔλεγε</span> <span class='ocrx_word' id='word_1_177' title='bbox 582 2161 657 2216; x_wconf 85' lang='grc' dir='ltr'>τοῖσι</span> <span class='ocrx_word' id='word_1_178' title='bbox 672 2158 807 2237; x_wconf 89' lang='grc' dir='ltr'>Πέρσῃσι</span> <span class='ocrx_word' id='word_1_179' title='bbox 819 2156 895 2216; x_wconf 88' lang='grc' dir='ltr'>τάδε·</span> <span class='ocrx_word' id='word_1_180' title='bbox 917 2155 965 2217; x_wconf 84' lang='grc' dir='ltr'>“ῶ</span> 
     </span>
     <span class='ocr_line' id='line_1_25' title="bbox 162 2244 965 2325; baseline 0 -21"><span class='ocrx_word' id='word_1_181' title='bbox 162 2247 283 2323; x_wconf 83' lang='grc' dir='ltr'>Πέρσαι,</span> <span class='ocrx_word' id='word_1_182' title='bbox 297 2246 391 2305; x_wconf 77' lang='grc' dir='ltr'>οἴκατε</span> <span class='ocrx_word' id='word_1_183' title='bbox 409 2246 562 2325; x_wconf 82' lang='grc' dir='ltr'>πανδαισίῃ</span> <span class='ocrx_word' id='word_1_184' title='bbox 580 2247 663 2325; x_wconf 80' lang='grc' dir='ltr'>τελέῃ</span> <span class='ocrx_word' id='word_1_185' title='bbox 684 2246 854 2321; x_wconf 82' lang='grc' dir='ltr'>εἶστιῆσθαι·</span> <span class='ocrx_word' id='word_1_186' title='bbox 881 2244 917 2305; x_wconf 88' lang='grc' dir='ltr'>τά</span> <span class='ocrx_word' id='word_1_187' title='bbox 934 2271 965 2305; x_wconf 91' lang='grc' dir='ltr'>τε</span> 
     </span>
     <span class='ocr_line' id='line_1_26' title="bbox 163 2332 965 2416; baseline 0.001 -23"><span class='ocrx_word' id='word_1_188' title='bbox 163 2334 217 2416; x_wconf 84' lang='grc' dir='ltr'>γάρ</span> <span class='ocrx_word' id='word_1_189' title='bbox 241 2332 318 2392; x_wconf 82' lang='grc' dir='ltr'>ἅλλα</span> <span class='ocrx_word' id='word_1_190' title='bbox 340 2332 396 2394; x_wconf 86' lang='grc' dir='ltr'>ὅσα</span> <span class='ocrx_word' id='word_1_191' title='bbox 420 2333 540 2413; x_wconf 83' lang='grc' dir='ltr'>εἴχομεν,</span> <span class='ocrx_word' id='word_1_192' title='bbox 563 2333 609 2392; x_wconf 85' lang='grc' dir='ltr'>καὶ</span> <span class='ocrx_word' id='word_1_193' title='bbox 632 2334 710 2412; x_wconf 85' lang='grc' dir='ltr'>πρός,</span> <span class='ocrx_word' id='word_1_194' title='bbox 734 2334 769 2393; x_wconf 80' lang='grc' dir='ltr'>τά</span> <span class='ocrx_word' id='word_1_195' title='bbox 799 2333 844 2394; x_wconf 83' lang='grc' dir='ltr'>οἶά</span> <span class='ocrx_word' id='word_1_196' title='bbox 871 2359 902 2394; x_wconf 88' lang='grc' dir='ltr'>τε</span> <span class='ocrx_word' id='word_1_197' title='bbox 931 2333 965 2409; x_wconf 87' lang='grc' dir='ltr'>ἦν</span> 
     </span>
     <span class='ocr_line' id='line_1_27' title="bbox 164 2421 964 2503; baseline -0.003 -22"><span class='ocrx_word' id='word_1_198' title='bbox 164 2421 322 2500; x_wconf 75' lang='grc' dir='ltr'>ἐξευρόντας</span> <span class='ocrx_word' id='word_1_199' title='bbox 344 2424 485 2503; x_wconf 88' lang='grc' dir='ltr'>παρέχειν,</span> <span class='ocrx_word' id='word_1_200' title='bbox 506 2422 598 2483; x_wconf 88' lang='grc' dir='ltr'>πάντα</span> <span class='ocrx_word' id='word_1_201' title='bbox 618 2421 683 2500; x_wconf 85' lang='grc' dir='ltr'>ύμῖν</span> <span class='ocrx_word' id='word_1_202' title='bbox 703 2422 833 2499; x_wconf 87' lang='grc' dir='ltr'>πάρεστι·</span> <span class='ocrx_word' id='word_1_203' title='bbox 863 2422 909 2481; x_wconf 88' lang='grc' dir='ltr'>καὶ</span> <span class='ocrx_word' id='word_1_204' title='bbox 931 2422 964 2497; x_wconf 72' lang='grc' dir='ltr'>δή</span> 
     </span>
     <span class='ocr_line' id='line_1_28' title="bbox 162 2509 962 2592; baseline 0.003 -22"><span class='ocrx_word' id='word_1_205' title='bbox 162 2511 208 2570; x_wconf 83' lang='grc' dir='ltr'>καὶ</span> <span class='ocrx_word' id='word_1_206' title='bbox 221 2509 285 2570; x_wconf 90' lang='grc' dir='ltr'>τόδε</span> <span class='ocrx_word' id='word_1_207' title='bbox 297 2510 330 2569; x_wconf 87' lang='grc' dir='ltr'>τό</span> <span class='ocrx_word' id='word_1_208' title='bbox 343 2510 454 2570; x_wconf 88' lang='grc' dir='ltr'>πάντων</span> <span class='ocrx_word' id='word_1_209' title='bbox 468 2512 604 2592; x_wconf 86' lang='grc' dir='ltr'>μέγιστον</span> <span class='ocrx_word' id='word_1_210' title='bbox 616 2511 667 2574; x_wconf 85' lang='grc' dir='ltr'>τάς</span> <span class='ocrx_word' id='word_1_211' title='bbox 679 2537 710 2570; x_wconf 88' lang='grc' dir='ltr'>τε</span> <span class='ocrx_word' id='word_1_212' title='bbox 725 2515 830 2570; x_wconf 83' lang='grc' dir='ltr'>ἑωυτῶν</span> <span class='ocrx_word' id='word_1_213' title='bbox 843 2510 962 2586; x_wconf 85' lang='grc' dir='ltr'>μητέρας</span> 
     </span>
     <span class='ocr_line' id='line_1_29' title="bbox 165 2597 962 2678; baseline -0.003 -20"><span class='ocrx_word' id='word_1_214' title='bbox 165 2599 212 2658; x_wconf 84' lang='grc' dir='ltr'>καὶ</span> <span class='ocrx_word' id='word_1_215' title='bbox 226 2597 276 2661; x_wconf 84' lang='grc' dir='ltr'>τάς</span> <span class='ocrx_word' id='word_1_216' title='bbox 294 2598 436 2676; x_wconf 78' lang='grc' dir='ltr'>ἀδελφεάς</span> <span class='ocrx_word' id='word_1_217' title='bbox 453 2599 708 2678; x_wconf 80' lang='grc' dir='ltr'>ἐπιδαψιλευόμεθα</span> <span class='ocrx_word' id='word_1_218' title='bbox 721 2599 795 2676; x_wconf 85' lang='grc' dir='ltr'>ύμῖν·</span> <span class='ocrx_word' id='word_1_219' title='bbox 818 2597 854 2661; x_wconf 86' lang='grc' dir='ltr'>ῶς</span> <span class='ocrx_word' id='word_1_220' title='bbox 866 2622 962 2656; x_wconf 40' lang='grc' dir='ltr'>παντες</span> 
     </span>
     <span class='ocr_line' id='line_1_30' title="bbox 162 2686 963 2765; baseline 0.002 -18"><span class='ocrx_word' id='word_1_221' title='bbox 162 2688 233 2751; x_wconf 90' lang='grc' dir='ltr'>λέως</span> <span class='ocrx_word' id='word_1_222' title='bbox 247 2687 356 2764; x_wconf 91' lang='grc' dir='ltr'>μάθητε</span> <span class='ocrx_word' id='word_1_223' title='bbox 373 2686 538 2765; x_wconf 84' lang='grc' dir='ltr'>τιμειύμενοι</span> <span class='ocrx_word' id='word_1_224' title='bbox 555 2687 626 2764; x_wconf 86' lang='grc' dir='ltr'>πρός</span> <span class='ocrx_word' id='word_1_225' title='bbox 644 2687 735 2764; x_wconf 81' lang='grc' dir='ltr'>ἡμέων</span> <span class='ocrx_word' id='word_1_226' title='bbox 754 2691 808 2747; x_wconf 89' lang='grc' dir='ltr'>τῶν</span> <span class='ocrx_word' id='word_1_227' title='bbox 825 2687 879 2764; x_wconf 85' lang='grc' dir='ltr'>πέρ</span> <span class='ocrx_word' id='word_1_228' title='bbox 901 2691 963 2749; x_wconf 86' lang='grc' dir='ltr'>ἐστι</span> 
     </span>
     <span class='ocr_line' id='line_1_31' title="bbox 163 2775 961 2856; baseline -0.004 -20"><span class='ocrx_word' id='word_1_229' title='bbox 163 2775 245 2846; x_wconf 73' lang='grc' dir='ltr'>ἄξιοι,</span> <span class='ocrx_word' id='word_1_230' title='bbox 256 2775 327 2853; x_wconf 84' lang='grc' dir='ltr'>πρός</span> <span class='ocrx_word' id='word_1_231' title='bbox 337 2776 366 2835; x_wconf 81' lang='grc' dir='ltr'>δέ</span> <span class='ocrx_word' id='word_1_232' title='bbox 377 2777 423 2834; x_wconf 86' lang='grc' dir='ltr'>καὶ</span> <span class='ocrx_word' id='word_1_233' title='bbox 433 2777 554 2852; x_wconf 86' lang='grc' dir='ltr'>βασιλέϊ</span> <span class='ocrx_word' id='word_1_234' title='bbox 563 2780 602 2856; x_wconf 75' lang='grc' dir='ltr'>τῷ</span> <span class='ocrx_word' id='word_1_235' title='bbox 611 2777 754 2854; x_wconf 84' lang='grc' dir='ltr'>πέμψαντι</span> <span class='ocrx_word' id='word_1_236' title='bbox 765 2775 961 2856; x_wconf 75' lang='grc' dir='ltr'>ἀπαγγείλητε,</span> 
     </span>
     <span class='ocr_line' id='line_1_32' title="bbox 163 2863 964 2943; baseline 0.001 -20"><span class='ocrx_word' id='word_1_237' title='bbox 163 2864 198 2927; x_wconf 86' lang='grc' dir='ltr'>ῶς</span> <span class='ocrx_word' id='word_1_238' title='bbox 207 2863 394 2942; x_wconf 77' lang='grc' dir='ltr'>άνῆρἜλλην</span> <span class='ocrx_word' id='word_1_239' title='bbox 404 2864 573 2924; x_wconf 86' lang='grc' dir='ltr'>Μακεδόνων</span> <span class='ocrx_word' id='word_1_240' title='bbox 583 2863 708 2943; x_wconf 80' lang='grc' dir='ltr'>ὕπαρχος</span> <span class='ocrx_word' id='word_1_241' title='bbox 719 2863 749 2922; x_wconf 80' lang='grc' dir='ltr'>εὖ</span> <span class='ocrx_word' id='word_1_242' title='bbox 757 2863 842 2940; x_wconf 88' lang='grc' dir='ltr'>ύμέας</span> <span class='ocrx_word' id='word_1_243' title='bbox 853 2864 964 2933; x_wconf 85' lang='grc' dir='ltr'>ἐδέξατο</span> 
     </span>
     <span class='ocr_line' id='line_1_33' title="bbox 163 2951 964 3032; baseline -0.001 -20"><span class='ocrx_word' id='word_1_244' title='bbox 163 2953 210 3012; x_wconf 84' lang='grc' dir='ltr'>καὶ</span> <span class='ocrx_word' id='word_1_245' title='bbox 230 2954 353 3031; x_wconf 85' lang='grc' dir='ltr'>τραπέζῃ</span> <span class='ocrx_word' id='word_1_246' title='bbox 372 2953 417 3011; x_wconf 81' lang='grc' dir='ltr'>καὶ</span> <span class='ocrx_word' id='word_1_247' title='bbox 439 2951 542 3032; x_wconf 87' lang='grc' dir='ltr'>κοίτῃ·”</span> <span class='ocrx_word' id='word_1_248' title='bbox 571 2956 659 3012; x_wconf 79' lang='grc' dir='ltr'>ταῦτα</span> <span class='ocrx_word' id='word_1_249' title='bbox 680 2954 758 3016; x_wconf 81' lang='grc' dir='ltr'>εἴπας</span> <span class='ocrx_word' id='word_1_250' title='bbox 772 2951 964 3030; x_wconf 84' lang='grc' dir='ltr'>Ἀλέξανδρος,</span> 
     </span>
     <span class='ocr_line' id='line_1_34' title="bbox 161 3040 965 3124; baseline 0 -24"><span class='ocrx_word' id='word_1_251' title='bbox 161 3041 270 3118; x_wconf 84' lang='grc' dir='ltr'>παρίζει</span> <span class='ocrx_word' id='word_1_252' title='bbox 291 3041 392 3120; x_wconf 86' lang='grc' dir='ltr'>Πέρσῃ</span> <span class='ocrx_word' id='word_1_253' title='bbox 413 3040 491 3118; x_wconf 82' lang='grc' dir='ltr'>όνδρὶ</span> <span class='ocrx_word' id='word_1_254' title='bbox 512 3040 598 3116; x_wconf 77' lang='grc' dir='ltr'>ἄνδρα</span> <span class='ocrx_word' id='word_1_255' title='bbox 618 3041 777 3113; x_wconf 83' lang='grc' dir='ltr'>Μακεδόνα,</span> <span class='ocrx_word' id='word_1_256' title='bbox 795 3041 831 3106; x_wconf 90' lang='grc' dir='ltr'>ῶς</span> <span class='ocrx_word' id='word_1_257' title='bbox 848 3047 965 3124; x_wconf 81' lang='grc' dir='ltr'>γυναῖκα</span> 
     </span>
     <span class='ocr_line' id='line_1_35' title="bbox 161 3129 966 3212; baseline 0.001 -22"><span class='ocrx_word' id='word_1_258' title='bbox 161 3129 306 3212; x_wconf 80' lang='grc' dir='ltr'>τῷλόγῳ·</span> <span class='ocrx_word' id='word_1_259' title='bbox 336 3133 362 3189; x_wconf 87' lang='grc' dir='ltr'>οἷ</span> <span class='ocrx_word' id='word_1_260' title='bbox 383 3130 420 3199; x_wconf 80' lang='grc' dir='ltr'>δέ,</span> <span class='ocrx_word' id='word_1_261' title='bbox 443 3130 505 3188; x_wconf 87' lang='grc' dir='ltr'>ἐπεί</span> <span class='ocrx_word' id='word_1_262' title='bbox 521 3130 554 3189; x_wconf 85' lang='grc' dir='ltr'>τέ</span> <span class='ocrx_word' id='word_1_263' title='bbox 574 3135 670 3205; x_wconf 81' lang='grc' dir='ltr'>σφεων</span> <span class='ocrx_word' id='word_1_264' title='bbox 695 3131 721 3190; x_wconf 85' lang='grc' dir='ltr'>οἱ</span> <span class='ocrx_word' id='word_1_265' title='bbox 742 3131 850 3208; x_wconf 85' lang='grc' dir='ltr'>Πέρσει</span> <span class='ocrx_word' id='word_1_266' title='bbox 868 3130 966 3209; x_wconf 81' lang='grc' dir='ltr'>ψαύειν</span> 
     </span>
     <span class='ocr_line' id='line_1_36' title="bbox 115 3216 966 3298; baseline -0.001 -19"><span class='ocrx_word' id='word_1_267' title='bbox 115 3221 150 3279; x_wconf 79' lang='grc'>21</span> <span class='ocrx_word' id='word_1_268' title='bbox 163 3223 319 3297; x_wconf 83' lang='grc' dir='ltr'>ἐπειρῶντο,</span> <span class='ocrx_word' id='word_1_269' title='bbox 334 3217 510 3298; x_wconf 87' lang='grc' dir='ltr'>διεργάζοντο</span> <span class='ocrx_word' id='word_1_270' title='bbox 520 3217 628 3281; x_wconf 82' lang='grc' dir='ltr'>αύτούς.</span> <span class='ocrx_word' id='word_1_271' title='bbox 658 3219 717 3278; x_wconf 83' lang='grc' dir='ltr'>Καὶ</span> <span class='ocrx_word' id='word_1_272' title='bbox 731 3216 808 3280; x_wconf 83' lang='grc' dir='ltr'>οὗτοι</span> <span class='ocrx_word' id='word_1_273' title='bbox 817 3222 869 3298; x_wconf 82' lang='grc' dir='ltr'>μὲν</span> <span class='ocrx_word' id='word_1_274' title='bbox 878 3217 966 3298; x_wconf 79' lang='grc' dir='ltr'>τούτῳ</span> 
     </span>
     <span class='ocr_line' id='line_1_37' title="bbox 161 3303 965 3388; baseline -0.004 -19"><span class='ocrx_word' id='word_1_275' title='bbox 161 3312 200 3388; x_wconf 79' lang='grc' dir='ltr'>τῷ</span> <span class='ocrx_word' id='word_1_276' title='bbox 221 3306 299 3386; x_wconf 85' lang='grc' dir='ltr'>μύριρ</span> <span class='ocrx_word' id='word_1_277' title='bbox 320 3303 521 3380; x_wconf 82' lang='grc' dir='ltr'>διεφθάρησαν,</span> <span class='ocrx_word' id='word_1_278' title='bbox 543 3305 589 3364; x_wconf 84' lang='grc' dir='ltr'>καὶ</span> <span class='ocrx_word' id='word_1_279' title='bbox 610 3304 690 3366; x_wconf 66' lang='grc' dir='ltr'>αὐτοὶ</span> <span class='ocrx_word' id='word_1_280' title='bbox 715 3308 761 3368; x_wconf 85' lang='grc' dir='ltr'>καὶ</span> <span class='ocrx_word' id='word_1_281' title='bbox 784 3307 803 3384; x_wconf 83' lang='grc' dir='ltr'><em>ἡ</em></span> <span class='ocrx_word' id='word_1_282' title='bbox 828 3307 965 3384; x_wconf 74' lang='grc' dir='ltr'>θεραπηίη</span> 
     </span>
     <span class='ocr_line' id='line_1_38' title="bbox 353 3407 363 3442; baseline 0 0"><span class='ocrx_word' id='word_1_283' title='bbox 353 3407 363 3442; x_wconf 67' lang='grc' dir='ltr'>ι</span> 
     </span>
    </p>
   </div>
   <div class='ocr_carea' id='block_1_2' title="bbox 0 0 1134 3568">
    <p class='ocr_par' dir='ltr' id='par_1_2' title="bbox 0 0 1134 3568">
     <span class='ocr_line' id='line_1_39' title="bbox 0 0 1134 3568; baseline 0 0"><span class='ocrx_word' id='word_1_284' title='bbox 0 0 1134 3568; x_wconf 95' lang='lat' dir='ltr'> </span> 
     </span>
    </p>
   </div>
  </div>
 </body>
</html>
