2282 3550
183 148 230 195 210
483 144 665 193 ἰινοιουοτ
907 145 981 210 [να.

116 217 119 225 ⁵
181 226 214 286 τό
228 224 309 302 οὖρος
320 227 377 284 πᾶν
389 224 434 284 ἐόν
448 224 535 300 δρυῶν
546 225 689 283 ἐπίπλεον·
705 223 740 300 ἦν
753 227 805 302 μέν
816 224 850 302 δή
862 227 985 304 νηνεμίη,

182 313 277 390 ψόφου
301 313 331 371 δέ
350 314 496 393 γινομένου
519 316 631 372 πολλοῦ
654 311 689 376 οῖς
712 313 788 376 οἶκός
812 312 848 390 ήν
867 315 985 390 φύλλων

181 400 391 479 ύποκεχυμένων
412 400 467 460 ύπό
488 405 564 460 τοῖσι
588 401 667 470 ποσὶ,
689 399 742 460 άνά
764 428 794 462 τε
819 403 937 480 ἔδραμον
958 408 986 464 οἶ

182 491 287 551 Φωκέες
304 489 350 546 καὶ
364 489 457 547 ἔδοντο
474 489 510 548 τά
526 489 610 562 ὅπλα,
627 491 672 547 καὶ
686 489 784 550 αὐτίκα
798 495 825 550 οἶ
838 491 985 570 βάρβαροι

183 581 323 653 παρῆσαν·
347 576 381 640 ὦς
399 578 428 637 δέ
448 577 519 637 εἶδον
538 576 638 654 ἄνδρας
657 578 833 654 ἐνδυομένους
851 579 935 650 ὅπλα,
956 586 986 644 ἐν

183 665 288 741 θύματι
309 667 445 746 ἐγένοντο·
474 666 624 742 ἐλπόμενοι
644 667 699 747 γάρ
720 666 799 726 ούδέν
820 674 875 742 σφι
896 669 985 745 φανή-
1023 726 1025 730 .

183 755 285 814 σεσθαι
299 754 425 824 ἀντίξοον
439 754 606 832 ἐνεκύρησαν
620 758 741 834 στρατῷ·
759 757 877 816 ἐνθαῦτα
886 757 985 834 Ὑδάρ-

183 867 230 916 νης
244 842 458 919 καταρρωδήσας
470 843 511 919 μή
525 847 551 902 οἱ
564 845 670 906 Φωκέες
683 845 748 903 ἐωσι
762 845 985 922 Λακεδαιμόνιοι,

184 929 271 1006 εἴρετο
284 930 333 990 τόν
346 930 500 992 Ἐπιάλτεα
515 931 640 995 ποδαπός
655 932 696 1008 εἴη
711 932 726 992 ό
740 933 876 1010 στρατός;
898 933 985 993 πυθό-

182 1043 264 1094 μενος
287 1019 316 1078 δέ
340 1019 479 1096 ἀτρεκέως,
506 1021 638 1080 διέτασσε
664 1020 729 1084 τούς
753 1023 868 1099 Πέρσας
894 1022 930 1085 οῖς
958 1027 986 1086 ἐς

182 1107 285 1186 μάχην·
307 1112 333 1167 οἱ
349 1109 378 1167 δέ
392 1111 505 1179 Φωκέες,
521 1109 557 1172 ιύς
570 1109 730 1186 ἐβάλλοντο
744 1114 820 1170 τοῖσι
832 1111 987 1186 τοξεύμασι

182 1197 323 1255 πολλοῖσί
332 1223 363 1255 τε
377 1198 423 1256 καὶ
436 1201 575 1267 πυκνοῖσι,
591 1199 701 1277 οἴχοντο
713 1197 862 1278 φεύγοντες
875 1199 921 1256 ἐπὶ
934 1201 986 1258 τοῦ

184 1281 277 1359 οὔρεος
302 1283 352 1343 τόν
378 1285 529 1364 κόρυμβον,
557 1285 737 1362 ἐπιστάμενοι
764 1286 799 1350 ὦς
824 1289 868 1346 ἐπὶ
892 1289 987 1362 σφέας

184 1369 355 1448 ιύρμήθησαν
375 1371 473 1452 άρχήν,
496 1375 541 1432 καὶ
562 1374 787 1450 παρεσκευάδατο
809 1374 844 1437 ὦς
864 1374 986 1434 α’πολεό·

182 1483 269 1533 μενοι·
297 1458 374 1520 οὗτοι
397 1465 448 1538 μὲν
472 1461 505 1537 δή
529 1467 617 1521 ταῦτα
640 1461 783 1539 ἐφρόνεον,
806 1466 832 1522 οἱ
856 1462 885 1521 δέ
909 1461 987 1538 άμφὶ

182 1542 334 1605 Ἐπιάλτεα
354 1550 400 1606 καὶ
413 1547 546 1625 Ὑδάρνεα
562 1549 674 1626 Πέρσαι
690 1551 804 1610 Φωκέων
820 1553 871 1627 μέν
887 1549 986 1610 οὐδένα

183 1633 270 1712 λόγον
294 1639 444 1704 ἐποιεῦντο,
467 1640 493 1694 οἱ
517 1637 546 1695 δέ
568 1638 734 1713 κατέβαινον
754 1638 787 1698 τό
812 1637 893 1715 οὖρος
914 1637 986 1696 κατά

184 1720 277 1800 τάχος.

137 1811 195 1868 219
224 1815 307 1872 Τοῖσι
320 1813 349 1872 δέ
363 1818 391 1873 ἐν
404 1813 607 1892 Θερμοπύλῃσι
621 1817 699 1874 ἐοῦσι
711 1814 864 1890 Ἑλλήνων,
875 1819 988 1892 πρῶτον

183 1901 235 1975 μὲν
255 1900 271 1958 ό
292 1901 389 1977 μάντις
410 1901 568 1980 Μεγιστίης
588 1901 687 1961 ἐσιδών
708 1907 735 1964 ἐς
754 1901 790 1961 τά
812 1903 857 1979 ἱρά
877 1904 987 1978 ἔφρασε

184 1987 233 2046 τόν
245 1990 390 2065 μέλλοντα
407 1988 524 2048 ἔσεσθαι
542 1987 599 2065 ἅμα
613 1987 660 2065 ήοῖ
673 1996 728 2066 σφι
746 1990 873 2050 θάνατον·
895 1991 941 2048 ἐπὶ
957 1990 988 2049 δέ

186 2075 231 2133 καὶ
247 2075 400 2152 αὐτόμολοι
412 2075 498 2152 ἤϊσαν
512 2080 539 2136 οἱ
558 2077 767 2158 ἐξαγγείλαντες
783 2083 838 2138 τῶν
852 2078 988 2154 Περσέων

185 2162 236 2238 τήν
249 2165 386 2241 περίοδον·
408 2164 484 2224 οὗτοι
497 2169 549 2242 μὲν
563 2168 602 2224 ἐτι
616 2165 712 2228 νυκτός
726 2165 876 2243 ἐσήμηναν·
897 2167 988 2242 τρίτοι

203 2252 216 2308 ἐ
236 2254 262 2309 οἱ
281 2251 474 2328 ήμεροσκόποι
495 2253 716 2330 καταδραμόντες
736 2252 792 2313 άπό
813 2257 867 2313 τῶν
887 2251 986 2330 όκρων,

184 2337 237 2414 ἤδη
251 2339 452 2417 διαφαινούσης
469 2341 582 2419 ήμέρης.
618 2343 736 2402 ἐνθαῦτα
755 2341 941 2419 ἐβουλεύοντο
961 2347 989 2402 οἶ

179 2425 327 2502 Ἕλληνες,
350 2429 398 2486 καί
416 2437 511 2505 σφεων
533 2431 678 2509 ἐσχίζοντο
699 2435 728 2490 αἱ
748 2435 864 2512 γνῶμαι·
890 2434 916 2491 οἱ
935 2434 989 2508 μὲν

185 2514 240 2596 γάρ
262 2515 311 2575 ούκ
332 2517 382 2576 ἐων
402 2517 453 2592 τὴν
473 2517 551 2588 τάξιν
573 2523 704 2590 ἐκλιπεῖν,
726 2524 753 2579 οἱ
773 2520 803 2579 δὲ
824 2521 988 2579 ᾰντέτεινον·

185 2604 255 2680 μετά
277 2605 409 2665 δὲταῦτα
430 2606 621 2683 διακριθέντες,
643 2611 669 2667 οἱ
691 2611 742 2685 μὲν
762 2607 989 2668 άπαλλόσσοπο
1063 2620 1068 2628 ’

186 2693 231 2750 καὶ
250 2693 494 2756 διασκεδασθέντες
514 2694 583 2753 κατά
597 2695 680 2758 πόλις
698 2696 812 2755 ἔκαστοι
826 2695 988 2772 ἐτράποντο,

186 2783 212 2840 οἱ
231 2781 260 2840 δὲ
281 2781 370 2841 αύτῶν
388 2779 448 2859 ἅμα
463 2783 586 2860 Λεωνίδη
600 2783 692 2859 μένειν
709 2783 794 2844 αὐτοῦ
812 2784 989 2860 παρασκευά-

139 2871 197 2928 220
206 2869 283 2928 δατα.
317 2871 437 2950 Λέγεται
456 2870 485 2928 δέ
501 2869 537 2932 οῖς
553 2869 635 2934 αύτός
648 2878 740 2946 σφεας
754 2871 902 2949 ἀπέπεμψε
915 2878 989 2931 Λεω-

186 2956 268 3031 νιδης,
282 2959 321 3033 μή
338 2957 498 3018 άπόλωνται
517 2959 675 3034 κηδόμενος·
697 2959 770 3040 αὐτῷ
783 2961 812 3020 δέ
832 2961 877 3018 καὶ
896 2962 989 3038 Σπαρ-

186 3045 300 3118 τιητέων
310 3048 386 3103 τοῖσι
399 3049 536 3120 παρεοῦσι
550 3044 600 3102 ούκ
614 3047 687 3124 ἐχειν
698 3047 853 3124 εύπρεπέως
866 3051 991 3108 ἐκλιπεῖν

186 3129 238 3203 τήν
253 3131 332 3200 τάξιν
350 3136 378 3194 ἐς
394 3131 447 3206 τήν
466 3131 557 3207 ἦλθον
574 3133 747 3208 φυλάξοντες
768 3135 868 3214 αἶρχήν.
903 3135 992 3214 ταύιη

189 3217 234 3272 καὶ
252 3221 364 3290 μᾶλλον
377 3222 413 3294 τῇ
426 3219 522 3298 γνιόμη
536 3221 672 3282 πλεῖστός
689 3226 752 3298 εἰμι,
767 3224 916 3298 Λεωνίδην,
930 3223 993 3283 ἐπεί

188 3325 219 3358 τε
236 3299 341 3378 ᾔσθετο
361 3304 426 3365 τούς
445 3305 612 3381 συμμάχους
631 3306 725 3370 ἐόντας
743 3309 924 3386 ἀπροθύμους
946 3312 992 3370 καὶ
