2276 3554
157 151 205 201 ιιι
469 152 659 202 Ἡνοιουου
878 147 954 216 [v11.

155 230 250 310 τρόπῳ
259 232 351 292 τοίνυν
364 230 397 291 αὖ
406 236 521 311 χρηστῷ
529 231 668 309 Ἕλληνες
677 231 882 312 διαχρεώμενοι,
891 232 957 308 ε’μέο

157 319 312 384 ἐλάσαντος
329 321 414 399 μέχρι
426 321 600 396 Μακεδονίης
613 325 673 402 γῆς,
688 320 737 380 οὐκ
750 320 841 397 ἦλθον
855 325 882 382 ἐς
894 319 956 379 τού·

155 433 205 468 του
225 408 312 490 λόγον
332 408 405 468 ὥστε
424 408 577 488 μάχεσθαι,
590 410 640 468 σοὶ
655 409 685 468 δὲ
699 408 732 485 δή
745 409 847 486 μέλλει
866 433 916 475 τις,
936 405 957 466 ὦ

155 497 289 573 βασιλεῦ,
310 496 497 558 ἀντιώσεσθαι
518 496 644 574 πόλεμον
664 498 843 574 προσφέρων,
859 495 956 576 ἄγοντι

156 585 202 643 καὶ
217 586 327 662 πλῆθος
342 584 375 645 τδ
392 590 422 644 ἐκ
438 589 489 662 τῆς
503 584 603 662 Ἀσίης
621 585 667 644 καὶ
683 586 745 648 νέας
760 583 811 648 τάς
824 583 955 652 άπάσας;

156 673 192 736 ώς
208 677 260 751 μὲν
278 673 332 755 ἐγώ
350 673 443 744 δοκέω,
458 673 508 733 οὐκ
529 679 557 737 ἐς
574 677 658 733 τοῦτο
679 673 799 750 θράσεος
812 670 906 748 άνήκει
920 672 956 731 τά
1007 695 1012 703 ·

154 761 299 839 Ἑλλήνων
318 760 479 843 πρήγματα.
522 766 546 821 εἰ
566 762 596 821 δέ
617 760 670 838 ἄρα
688 761 742 842 ἐγώ
757 787 790 840 γε
804 761 956 838 ψευσθείην

154 849 259 931 γνώμη,
274 851 320 910 καὶ
334 855 433 910 ἐκεῖνοι
447 851 611 928 ἐπαρθέντες
624 850 748 928 ἀβουλίῃ
762 849 871 909 ἔλθοιεν
888 847 956 924 ἡμῖν

154 944 181 1002 ἐς
193 939 296 1018 μάχην,
310 938 426 1016 μάθοιεν
439 935 474 999 ἂν
488 937 523 1002 ὥς
537 942 612 1015 εἰμεν
626 937 777 1015 ἀνθρώπων
790 935 901 1014 ἄριστοι
919 936 955 996 τά

153 1029 305 1104 πολεμήϊα.
346 1028 418 1086 ἐστω
432 1026 454 1086 δ’
469 1026 506 1087 ὦν
517 1026 604 1104 μηδὲν
617 1026 776 1103 άπείρητον·
797 1023 955 1100 αὐτόματον

152 1115 207 1196 γάρ
221 1115 307 1186 οὐδὲν,
319 1115 384 1175 ἀλλ’
395 1116 451 1176 άπὸ
465 1117 561 1192 πείρης
573 1114 665 1174 πάντα
678 1113 850 1190 α’νθρώποισι
861 1114 955 1189 φιλέει

151 1203 305 1284 γίνεσθαι.”
346 1204 505 1281 Μαρδόνιος
522 1207 574 1281 μὲν
591 1207 717 1264 τοσαῦτα
738 1200 885 1278 ἐπιλεήνας
901 1201 955 1277 τήν

152 1294 260 1370 Ξέρξεω
272 1292 393 1374 γνώμην,
408 1295 556 1353 ἐπέπαυτο.

106 1383 143 1439 10
194 1380 361 1444 Σιωπώντων
382 1381 412 1440 δέ
429 1386 485 1441 τῶν
503 1379 599 1442 ἄλλων
615 1381 749 1458 Περσέων
769 1379 816 1438 καὶ
836 1377 869 1438 οὗ
888 1382 954 1439 τολ-

151 1466 264 1544 μώντων
273 1468 387 1550 γνώμην
399 1469 615 1530 ἀποδείκνυσθαι
625 1467 720 1545 άντίην
732 1467 952 1547 τῇπροκειμένη,

151 1553 328 1632 Ἀρτάβανος
349 1556 365 1617 ὁ
385 1557 563 1620 Ὑστάσπεος
583 1557 694 1634 πάτρως
718 1556 768 1616 ἐών
789 1556 889 1634 Ξέρξη,
915 1561 954 1635 τῷ

151 1643 185 1720 δή
208 1644 254 1702 καὶ
272 1646 389 1709 πίσυνος
407 1645 466 1716 ἐών,
490 1647 569 1727 έλεγε
590 1644 666 1706 τάδε·
688 1644 735 1704 “ώ
755 1646 890 1720 βασιλεῦ,
910 1643 953 1721 μή

150 1733 320 1811 λεχθεισέων
332 1736 384 1810 μὲν
396 1734 526 1814 γνωμέων
536 1733 649 1794 ἀντιέων
659 1732 815 1812 α’λλήλησι,
827 1731 877 1791 οὐκ
891 1732 953 1792 ἐστι

150 1820 202 1896 τήν
214 1819 316 1897 άμείνω
327 1821 488 1899 αἱρεόμενον
499 1822 615 1882 ἑλέσθαι
628 1821 706 1882 α’λλά
720 1821 763 1880 δεῖ
774 1847 809 1899 τη
823 1821 952 1900 εἰρημένη

150 1909 285 1986 χρῆσθαι·
309 1911 478 1988 λεχθεισέων
500 1910 536 1979 δέ,
561 1911 631 1969 ἔστι·
657 1908 752 1987 ώσπερ
773 1908 823 1968 τδν
843 1908 953 1987 χρυσδν

149 1997 199 2056 τὸν
214 1997 354 2074 α’κήρατον
371 1997 455 2058 αὐτὸν
470 2000 522 2075 μέν
543 1997 584 2057 ἐπ’
599 2002 699 2057 ἑωυτοῦ
717 1997 750 2058 οὗ
773 1996 953 2079 διαγινώσκο-

149 2111 208 2162 μεν,
225 2086 309 2146 ἐπεάν
327 2087 356 2146 δὲ
376 2087 592 2164 παρατρίψωμεν
611 2085 690 2166 ἄλλῳ
711 2089 808 2166 χρυσῷ
829 2085 952 2166 διαγινώ-

150 2198 256 2250 σκομεν
272 2173 321 2233 τδν
341 2173 452 2250 άμείνω.
494 2174 548 2255 ἐγώ
561 2175 591 2233 δὲ
605 2175 652 2234 καὶ
665 2174 751 2251 πατρὶ
763 2177 802 2253 τῷ
816 2177 858 2252 σῷ
871 2173 953 2234 άδελ-

150 2266 209 2338 φεῷ
225 2263 254 2320 δέ
268 2266 332 2340 ἐμῷ,
347 2264 464 2341 Δαρείῳ,
477 2261 613 2344 ήγόρευον
627 2263 667 2339 μή
682 2262 887 2339 στρατεύεσθαι
906 2263 953 2322 ἐπὶ

152 2349 266 2418 Σκύθας,
286 2347 386 2426 ἄνδρας
407 2349 542 2427 οὐδαμόθι
560 2354 613 2431 γῆς
631 2349 703 2410 ἄστυ
723 2351 864 2428 νέμοντας·
885 2349 901 2411 ὁ
922 2351 953 2410 δὲ

149 2439 267 2508 ἐλπίζων
281 2437 389 2502 Σκύθας
401 2438 466 2502 τούς
481 2439 603 2516 νομάδας
619 2440 875 2518 καταστρέψεσθαι,
890 2441 955 2516 ἐμοί

148 2551 179 2586 τε
200 2525 249 2585 οὐκ
270 2527 394 2588 ἐπείθετο
410 2527 653 2605 στρατευσάμενός
666 2554 696 2588 τε
709 2526 837 2590 πολλούς
852 2553 883 2588 τε
905 2529 952 2588 καὶ

148 2613 270 2696 άγαθοδς
289 2618 339 2691 τῆς
359 2620 493 2693 στρατιῆς
511 2614 668 2692 ἀποβαλών
682 2615 803 2692 ἐπῆλθε*
825 2615 863 2675 σι)
877 2614 953 2685 δέ,ώ

148 2704 282 2780 βασιλεῦ,
302 2705 417 2781 μέλλεις
434 2703 476 2763 ἐπ’
497 2702 598 2781 ἄνδρας
617 2704 821 2780 στρατεύεσθαι
839 2701 953 2764 πολλδν

148 2789 293 2867 άμείνονας
311 2789 330 2868 ἦ
351 2791 469 2855 Σκύθας·
490 2792 517 2851 οἳ
537 2791 608 2851 κατά
629 2791 782 2852 θάλασσάν
794 2818 826 2852 τε
839 2790 952 2868 ἄριστοι

149 2879 195 2936 καὶ
209 2879 279 2938 κατά
291 2885 345 2960 γῆν
358 2880 489 2960 λέγονται
507 2879 585 2939 εἶναι.
627 2879 661 2940 τδ
680 2880 709 2939 δέ
730 2879 842 2940 αὐτοῖσι
860 2881 952 2940 ἐνεστι

150 2966 246 3036 δεινδν,
261 2968 311 3043 ἐμέ
323 2967 490 3028 σοι-δίκαιόν
504 2972 566 3027 ἐστι
579 2967 704 3045 φράζειν·
719 2968 816 3039 ζεύξας
830 2967 888 3046 φής
900 2967 953 3028 τδν

149 3054 365 3129 Ἑλλήσποντον
378 3059 446 3115 ἐλᾶν
459 3057 582 3132 στρατόν
595 3055 641 3115 διαὶ
653 3060 703 3132 τῆς
713 3055 849 3132 Εὐρώπης
860 3060 887 3118 ἐς
900 3054 953 3132 τήν

148 3141 284 3200 Ἐλλάδα·
306 3144 352 3202 καὶ
365 3143 399 3218 δή
413 3143 459 3202 καὶ
474 3143 618 3218 συνήνεικε
637 3142 701 3219 ἤτοι
720 3143 791 3204 κατά
804 3147 859 3224 γῆν
872 3141 891 3219 ἢ
905 3143 952 3202 καὶ

150 3228 220 3289 κατά
243 3228 394 3290 θάλασσαν
415 3232 582 3305 ἐσσωθήναι,
604 3229 623 3306 ἢ
646 3232 692 3290 καὶ
713 3231 772 3292 κατ’
792 3230 950 3308 ἀμφότερα·

149 3317 175 3374 οἱ
196 3315 251 3395 γάρ
273 3315 367 3393 ἄνδρες
389 3319 519 3398 λέγονται
542 3318 611 3378 εἶναι
632 3317 758 3396 άλκιμοι·
779 3319 901 3398 πάρεστι
922 3319 953 3381 δὲ
