2282 3550
140 143 284 209 161-164]
473 142 658 192 nomm.
898 143 943 196 1⁸⁷

140 225 175 290 οἷς
196 231 227 287 έν
246 229 287 306 τῷ
306 227 418 304 ἐνιαυτῷ
438 225 500 284 ἐστὶ
519 223 552 283 τά
552 225 622 334 ἔαρ
638 221 883 330 δοκιμιίτατονῇ
847 248 898 298 της
915 222 946 315 δὲ

138 318 193 375 τῶν
210 285 357 390 Ἑλλήνων
375 316 509 389 στρατιῆς
526 311 579 388 τὴν
597 315 697 371 ἑωυτοῦ
716 310 860 418 στρατιήν·
882 337 944 370 στε·

138 402 310 480 ρισκομένην
327 400 364 462 ὧν
379 427 431 477 την
451 400 633 460 “Em'&
598 425 648 475 της
666 403 766 460 ἑωυτοῦ
783 404 945 479 συμμαχίης

139 489 271 562 εἴκαζε,
250 516 286 553 ως
297 494 320 550 εί
329 489 362 550 τά
374 491 422 566 ἔαρ
433 494 464 549 ε’κ
472 493 523 548 τοῦ
534 493 658 548 ε’νιαυτου
645 489 919 566 ε’ξαραιρημένον”
893 515 944 564 ειη.

179 583 218 639 Οἱ
235 581 293 656 ,μὲν
314 578 348 654 δη
368 582 424 638 τῶν
444 577 590 653 Ἑλλήνων
611 576 728 658 ἄγγελοι
745 580 870 636 τοσαῦτα
887 579 993 655 τῷ163

138 669 246 728 Γέλωνι
266 665 510 747 χρηματισάμενοι
530 665 681 725 ἀπέπλεον·
708 667 804 726 Γέλων
825 666 854 726 δέ
875 665 945 742 πρότ

137 761 237 826 ταῦτα,
251 756 347 819 δείσας
359 758 412 834 μὲν
424 755 488 832 περὶ
500 759 577 814 τοῖσι
592 753 721 830 Ἕλλησι
734 754 774 830 μή
788 753 820 813 οὗ
834 754 945 814 δονέων·

137 870 185 904 ται
202 844 253 905 τόν
271 843 423 922 βάρβαρον
439 841 663 920 ιῖπερβαλέσθαι,
677 842 766 903 δεινόν
779 842 809 902 δὲ
828 843 874 902 καὶ
895 841 944 903 οὐκ

138 931 298 1012 α’ναοχετόν
329 931 518 1009 ποιησάμενος
548 931 637 992 ε’λθιδν
666 936 694 994 ές
724 929 946 1007 Πελοπόννησον

138 1019 279 1100 ἄρχεσθαι
292 1020 347 1080 άπδ
361 1019 586 1096 Λακεδαιμονίων
599 1019 650 1080 εἰδν
664 1020 793 1097 Σικελίης
800 1019 944 1098 τύραννος,

137 1108 243 1186 ταύτην
262 1112 315 1186 μὲν
333 1108 386 1185 τήν
406 1107 471 1169 ὁδδν
491 1105 661 1185 η’μέλησε,ά
681 1109 711 1167 δὲ
732 1107 823 1185 ἄλλης
844 1109 944 1188 εἴχετο·

90 1207 95 1216 ’
138 1197 201 1256 έπεί
215 1224 248 1257 τε
262 1197 318 1280 γάρ
334 1196 458 1275 τάχιστα
477 1195 594 1256 ε’πίθετο
608 1197 658 1258 τὸν
676 1198 793 1275 Πέρσην
808 1198 949 1274 διαβεβη-1

139 1285 208 1345 κότα
236 1286 287 1346 τάν
315 1285 539 1361 Ἑλλήσποντον,
570 1285 675 1363 πέμπει
703 1287 945 1362 πεντηκοντέροισι

137 1375 217 1450 τρισὶ
231 1374 349 1452 Κάδμον
361 1374 411 1434 τάν
426 1373 544 1442 Σκύθεω,
558 1373 644 1452 ἄνδρα
658 1377 748 1453 Κῷον,
763 1379 790 1438 ές
804 1373 945 1450 Δελφοδτ,

139 1464 241 1540 ἔχοντα
259 1461 392 1542 χρήματα
412 1461 509 1520 πολλά
531 1463 577 1520 καὶ
597 1463 710 1537 φιλίους
730 1462 840 1575 λόγους,
863 1488 945 1540 καρα-

139 1549 358 1626 δοκήσοντα
324 1576 376 1626 την
398 1549 493 1659 μάχην
515 1546 535 1628 ᾖ
557 1551 697 1610 πεσέεται·
729 1552 774 1608 καὶ
796 1549 831 1627 ἢν
853 1575 905 1627 μεν
932 1564 949 1622 ὁ

138 1637 290 1716 βάρβαρος
316 1642 386 1718 νικᾷ,
407 1637 444 1698 τά
466 1663 497 1698 τε
519 1637 651 1750 χρήματα
673 1637 746 1718 αὐτῷ
768 1638 872 1698 διδόναι
898 1639 944 1696 καὶ

138 1729 194 1806 γῆν
220 1753 252 1787 τε
280 1727 326 1786 καὶ
341 1726 424 1837 ὕδωρ
450 1729 505 1787 τῶν
527 1725 607 1806 ἄρχει
633 1725 649 1788 6
676 1728 779 1788 Γέλων·
808 1724 842 1802 ἢν
865 1725 944 1786 δε
918 1752 945 1786 οι

136 1813 313 1891 Essmtsst
298 1816 390 1875 απίσω
403 1815 563 1896 άπάγεινπ

178 1903 214 1963 0
242 1903 273 1962 δὲ
300 1901 471 2016 Κάδμρς
439 1929 528 1973 ουτος,
550 1902 686 2012 πρότερον
709 1903 812 1963 τούτων
835 1905 991 1981 παρα-164

140 1991 290 2068 δεξάμενος
314 1992 391 2101 παρὰ
418 1991 524 2068 πατρδς
549 2017 602 2068 την
626 1993 773 2070 τυραννίδα
802 1991 888 2072 Κωων
914 1990 944 2051 εὖ

139 2081 331 2156 βεβηκυῖαν,
319 2080 386 2140 εκιίν
398 2107 429 2140 τε
444 2080 513 2140 εἶναι
526 2105 572 2138 και
561 2080 700 2140 δεινοῦ’
687 2080 812 2144 επιόντος
826 2051 944 2150 άυδενός,

140 2166 257 2227 α’λλά’
239 2193 295 2228 απα
287 2167 535 2244 6matoo6wysst
521 2193 549 2231 ες
568 2167 659 2244 μέσον
683 2169 790 2248 Κῴοισι
817 2169 944 2231 καταθεὶς

139 2255 191 2332 την
211 2281 310 2336 αρχην,
332 2257 425 2335 οἴχετο
448 2262 475 2320 ές
497 2257 636 2332 Σικελίην·
658 2229 726 2317 ἔνθά
741 2283 812 2334 μετα
802 2257 944 2333 Σαμίων

141 2345 208 2423 ἔσχε
221 2371 253 2404 τε
270 2345 315 2403 καὶ
336 2346 486 2421 κατοίκησε
505 2344 590 2404 πόλιν
611 2344 790 2427 Ζάγκλην
756 2371 808 2422 την
824 2350 851 2409 ές
864 2351 943 2406 Μεσ-

140 2432 231 2508 σήνην
243 2434 466 2510 μεταβαλοῦσαν
478 2433 511 2494 τὸ
525 2431 639 2510 οὔνομα.

178 2524 287 2582 Τοῦτον
307 2522 341 2598 δη
362 2521 399 2582 αἰν
419 2521 435 2582 6
456 2523 551 2582 Γέλων
570 2522 620 2582 τάν
636 2522 753 2598 Κάδμον
770 2523 816 2580 καὶ
829 2521 944 2602 τοιούτῳ

138 2609 233 2690 τρόπῳ
260 2609 436 2685 ἀπικόμενον,
458 2609 503 2670 διά
530 2610 705 2687 δικαιοσύνην
731 2609 782 2686 τήν
809 2613 835 2669 οἱ
862 2608 945 2673 αὐτάς

139 2696 233 2774 άλλην
246 2697 363 2776 συνῄδεε
375 2703 485 2768 έοῦσαν,
500 2699 615 2775 ἔπεμπε·
635 2698 666 2762 ὃς
679 2698 725 2758 ε’πὶ
737 2701 813 2758 τοῖσι
826 2697 944 2758 ἄλλοισι

140 2786 274 2846 δικαίοισι
285 2790 363 2846 τοῖσι
379 2787 410 2856 ἐξ
423 2791 523 2848 έοκντοῦ
538 2788 745 2868 ἐργασμένοισι,
760 2787 806 2846 καὶ
818 2786 881 2847 τάδε
894 2785 945 2846 οὐκ

140 2873 295 2953 ἐλάχιστον
311 2874 414 2936 τούτων
432 2876 567 2935 ἐλείπετο·
589 2875 731 2953 κρατήσας
743 2875 799 2957 γάρ
813 2873 945 2956 μεγάλων

138 2962 292 3041 χρημάτων
310 2965 367 3023 τῶν
387 2967 413 3022 οἱ
433 2963 529 3023 Γέλων
549 2963 727 3041 ἐπετράπετο,
740 2963 846 3041 παρεὸν
862 2988 943 3022 κατα-

139 3051 274 3130 σχέσθαι,
296 3049 345 3110 ofin
366 3052 494 3127 έθέλησε,
515 3050 581 3110 ἀλλ’
603 3052 663 3110 ε’πεὶ
683 3054 710 3110 οἶ
724 3051 863 3126 Ἕλληνες
884 3055 941 3109 ε’πε-

140 3139 285 3215 κράτησαν
311 3144 346 3219 τῇ
373 3139 521 3218 ναυμαχίη,
545 3141 591 3196 καὶ
614 3139 718 3213 Ξέρξης
742 3138 854 3213 οἰχώκεε
877 3135 943 3192 οἷπε-

139 3226 258 3298 λοιίνων,
273 3227 318 3287 καὶ
334 3227 368 3304 δὴ
387 3227 434 3286 καὶ
449 3229 551 3287 ἐκεῖνος
566 3224 681 3282 ἀπίκετο
700 3227 727 3282 ές
743 3221 794 3294 τήν
814 3219 943 3290 Σικελίην

138 3315 197 3378 ιίπδ
210 3314 306 3376 πάντα
315 3315 352 3377 ταὶ
365 3311 497 3394 χρήματα
510 3311 595 3384 ἄγων.
