2250 3552
174 143 221 192 ιιι
476 141 659 190 Ἧνοιοτοτ
860 115 868 132 ⁴
900 141 962 205 [IX.

167 226 195 284 ἐς
212 223 269 280 πᾶν
283 219 337 296 ἤδη
355 222 440 278 κακοῦ
457 217 605 300 ἀπιγμένοι
621 218 705 294 ἦσαν,
724 217 794 278 οὕτω
813 218 886 278 ὥστε
901 220 966 284 τοῦς

166 309 262 371 τόνους
283 309 395 386 ἕψοντες
414 311 469 367 τῶν
490 309 603 368 κλινέων
624 309 775 368 ἐσιτέοντο·
804 309 866 368 ἐπεί
883 335 915 368 τε
936 310 967 369 δὲ

167 396 229 457 οῦδὲ
248 400 336 456 ταῦτα
356 397 396 455 ἔτι
416 395 501 476 εἶχον,
518 395 588 456 οὕτω
609 396 643 472 δὴ
661 395 716 456 ῦπό
736 396 820 457 νΰκτα
841 397 967 476 οἴχονται

166 484 334 562 ἀποδράντες
356 485 386 544 οἵ
403 511 434 545 τε
457 486 568 562 Πέρσαι
589 485 635 544 καὶ
656 485 672 544 ό
693 485 863 562 Ἀρταΰκτης
883 487 929 545 καὶ
949 486 967 548 ό

168 573 316 650 Οἰόβαζος,
331 572 433 634 ὄπισθε
446 577 496 633 τοῦ
508 574 614 652 τείχεος
628 573 848 653 καταβάντεςτῇ
860 573 895 650 ἦν
904 580 967 654 ἐρη-

166 662 288 740 μότατον
311 666 366 722 τιῦν
390 664 540 739 πολεμίων·
574 661 608 724 οἷς
630 663 659 721 δέ
679 662 770 740 ἡμέρη
795 663 911 744 ἐγένετο,
939 669 967 724 οἱ

168 755 376 829 Χερσονησῖται
390 750 445 812 ἀπὸ
454 754 509 810 τιῦν
518 751 631 831 τῦργων
642 751 785 830 ἐσήμηναν
797 755 873 810 τοῖσι
882 751 966 829 Ἀθη

166 842 270 900 ναίοισι
282 840 315 900 τό
328 840 443 921 γεγονός
457 839 504 898 καὶ
516 839 566 902 τός
579 840 669 903 πύλας
686 839 806 909 ἄνοιξαν·
827 843 883 899 τῶν
895 839 925 899 δέ
940 844 967 900 οἱ

121 930 175 987 119
185 931 237 1004 μὲν
254 933 370 991 πλεῦνες
392 929 511 998 ἐδίωκον,
527 931 553 987 οἱ
567 928 597 986 δέ
609 928 661 1002 τήν
673 927 758 988 πόλιν
772 928 857 1007 εἶχον.
901 927 966 988 Οἰό-

165 1019 256 1092 βαζον
273 1017 325 1095 μέν
341 1043 389 1077 νυν
412 1015 569 1097 ἐκφυγόντα
588 1022 615 1078 ἐς
635 1016 685 1091 τήν
708 1017 831 1092 Θρηίκην
849 1017 966 1093 Θρήϊκες

165 1104 305 1183 Ἀψίνθιοι
330 1105 469 1181 λαβόντες
497 1105 600 1164 ἐθυσαν
629 1104 802 1183 Πλειστώρῳ
830 1106 966 1184 ἐπιχωρίῳ

166 1195 226 1273 θεῷ,
240 1194 333 1274 τρόπῳ
346 1199 384 1272 τῷ
400 1194 537 1273 σφετέρῳ·
558 1193 623 1256 τοῦς
639 1194 669 1252 δέ
687 1192 746 1270 μετ’
760 1194 871 1262 ἐκείνου,
885 1192 965 1272 ἄλλῳ

165 1282 259 1362 τρόπῳ
273 1282 436 1358 ἐφόνευσαν·
459 1285 485 1340 οἱ
505 1281 534 1340 δέ
549 1281 625 1358 ἀμφὶ
640 1281 689 1343 τόν
701 1282 873 1359 Ἀρταΰκτην
885 1281 965 1340 ῦστε·

166 1396 211 1447 ροι
224 1371 391 1449 ὁρμηθέντες
404 1371 525 1452 φεΰγειν,
537 1371 583 1429 καὶ
597 1371 632 1433 ὦς
646 1370 893 1446 κατελαμβάνοντο
906 1369 965 1429 όλί-

164 1484 211 1538 γοι
224 1458 313 1522 ἐόντες
331 1459 400 1536 ῦπέρ
419 1458 505 1539 Αῖγὸς
525 1461 672 1535 Ποταμιῦν,
687 1457 851 1534 ἀλεξόμενοι
863 1457 965 1536 χρόνον
1007 1506 1013 1516 .

165 1547 210 1604 ἐπὶ
228 1545 340 1625 συχνόν,
358 1549 384 1605 οἱ
399 1549 451 1623 μὲν
467 1545 607 1606 ἀπέθανον
621 1549 647 1606 οἱ
661 1547 690 1605 δὲ
704 1547 800 1617 ζῶντες
818 1545 964 1622 ἐλάμφθη-

165 1659 229 1694 σαν·
250 1635 297 1693 καὶ
324 1633 513 1710 συνδήσαντές
531 1641 624 1711 σφεας
645 1637 671 1694 οἱ
686 1633 825 1709 Ἕλληνες
847 1632 916 1715 ἦγον
934 1641 961 1700 ἐς

165 1723 286 1799 Σηστόν·
312 1723 372 1801 μετ’
394 1723 483 1784 αΰτῦν
504 1723 533 1782 δὲ
555 1725 600 1782 καὶ
621 1721 792 1801 Ἀρταΰκτην
813 1721 963 1798 δεδεμένον,

119 1813 176 1870 120
184 1810 268 1872 αῦτόν
279 1839 311 1873 τε
325 1813 370 1871 καὶ
380 1811 430 1872 τόν
440 1811 526 1871 παῖδα
537 1811 631 1872 αὐτοῦ.
661 1812 721 1870 Καί
727 1835 779 1890 τεῳ
788 1813 843 1870 τῶν
853 1814 963 1884 φυλασ-

76 1894 77 1898 ¹
165 1925 271 1961 σοντων
291 1901 404 1982 λέγεται
424 1900 478 1960 ῦπό
503 1900 742 1977 Χερσονησιτέων,
763 1898 894 1975 ταρίχους
914 1898 963 1957 ὀπ-

163 1991 245 2048 τῶντι
267 1989 500 2069 τέραςγενέσθαι
523 1988 638 2048 τοιόνδε·
669 1989 706 2046 οἶν
716 1985 826 2064 τάριχοι
854 1984 900 2043 ἐπὶ
926 1989 964 2064 τῷ

164 2077 230 2152 πυρὶ
249 2078 368 2154 κείμενοι
387 2075 545 2136 ἐπάλλοντό
558 2102 589 2136 τε
603 2075 649 2134 καὶ
662 2074 810 2151 ἤσπαιρον,
824 2073 894 2136 ὅκως
911 2098 963 2150 περ

166 2163 257 2241 ἶχθΰες
270 2164 429 2224 νεοάλωτοι·
449 2164 495 2222 καὶ
509 2166 535 2222 οἶ
548 2167 600 2240 μὲν
609 2163 801 2241 περιχυθέντες
814 2161 964 2236 ἐθώμαζον·

165 2250 181 2310 ό
209 2252 239 2310 δέ
264 2251 434 2328 Ἀρταΰκτης
458 2252 493 2315 οἷς
521 2251 575 2311 εἶδε
596 2251 629 2311 τό
652 2251 741 2326 τέρας,
766 2248 890 2310 καλέσας
915 2248 965 2308 τδν

164 2337 292 2399 ὀπτῶντα
306 2339 374 2402 τοῦς
386 2340 517 2418 ταρίχους
531 2341 594 2415 ἐφη·
617 2348 634 2374 “
643 2339 713 2408 ξεῖνε
726 2336 864 2413 Ἀθηναῖε,
878 2336 966 2413 μηδὲν

166 2427 260 2502 φοβέο
282 2427 316 2487 τό
334 2427 415 2503 τέρας
435 2431 528 2486 τοῦτο·
560 2427 591 2485 οῦ
612 2425 667 2508 γὰρ
686 2425 734 2484 σοὶ
753 2425 870 2502 πέφηνε·
899 2422 964 2482 ἀλλ’

164 2515 226 2592 ἐμοὶ
249 2515 380 2592 σημαίνει
407 2513 423 2574 ό
451 2519 479 2574 ἐν
505 2513 663 2574 Ἐλαιοῦντι
690 2513 898 2589 Πρωτεσίλεως,
921 2509 966 2570 ὅτι

167 2605 213 2662 καὶ
226 2602 341 2667 τεθνεῦς
354 2602 400 2662 καὶ
417 2601 532 2682 τάριχος
545 2601 595 2662 ἐιῦν
609 2601 724 2678 δύναμιν
743 2599 813 2677 πρός
827 2600 896 2660 θεῶν
909 2599 966 2677 ἔχει

163 2690 214 2751 τόν
226 2691 371 2752 ἀδικέοντα
383 2691 518 2750 τίνεσθαι·
533 2694 581 2750 νῦν
595 2688 632 2750 ὧν
646 2687 748 2749 ἄποινά
761 2692 788 2747 οἱ
800 2687 866 2748 τόδε
879 2687 966 2746 ἐθέλω

167 2780 310 2839 ἐπιθεῖναι·
337 2777 400 2838 οἷντὶ
421 2781 472 2855 μὲν
489 2777 640 2857 χρημάτων
660 2780 716 2836 τῦν
737 2777 844 2852 ἔλαβον
865 2780 894 2834 ἐκ
915 2774 965 2833 τοῦ

166 2869 234 2943 ἱροῦ,
257 2867 354 2928 ἐκατόν
374 2865 499 2926 τάλαντα
523 2866 681 2926 καταθεῖναι
701 2869 740 2944 τῷ
764 2865 826 2943 θεῷ·
858 2861 919 2922 α’ντὶ
943 2860 966 2920 δ’

165 2959 301 3029 ἐμεωυτοῦ
315 2955 361 3014 καὶ
374 2959 424 3014 τοῦ
437 2952 535 3016 παιδός
549 2952 686 3012 α’ποδοίσω
699 2953 824 3012 τάλαντα
838 2949 967 3026 διηκόσια

164 3037 347 3115 Ἀθηναίοισι,
379 3039 615 3120 τεριγενόμενος.”
655 3044 744 3099 ταῦτα
767 3036 966 3117 ῦπισχόμενος,

164 3124 214 3184 τόν
227 3127 386 3207 στρατηγόν
399 3129 563 3189 Ξάνθιππον
578 3126 626 3185 οῦκ
641 3129 740 3186 ἔπειθε·
763 3130 789 3184 οἱ
802 3126 859 3206 γὰρ
872 3125 968 3184 Ἐλαι-

166 3210 257 3270 ούσιοι
269 3217 308 3290 τῷ
321 3215 509 3292 Πρωτεσίλεῳ
518 3215 697 3290 τιμωρέοντες
707 3213 816 3273 ἐδέοντό
825 3239 874 3290 μιν
884 3237 968 3273 κατα·

165 3298 331 3372 χρησθῆναι,
351 3301 396 3357 καὶ
417 3299 501 3359 αὐτοῦ
521 3303 571 3360 τοῦ
592 3305 753 3381 στρατηγοῦ
768 3300 855 3380 ταύτῃ
873 3300 889 3361 ὁ
905 3301 969 3365 νόος
