<?xml version="1.0" encoding="UTF-8"?>
<!DOCTYPE html PUBLIC "-//W3C//DTD XHTML 1.0 Transitional//EN"
    "http://www.w3.org/TR/xhtml1/DTD/xhtml1-transitional.dtd">
<html xmlns="http://www.w3.org/1999/xhtml" xml:lang="en" lang="en">
 <head>
  <title>
</title>
<meta http-equiv="Content-Type" content="text/html;charset=utf-8" />
  <meta name='ocr-system' content='tesseract 3.04.00' />
  <meta name='ocr-capabilities' content='ocr_page ocr_carea ocr_par ocr_line ocrx_word'/>
</head>
<body>
  <div class='ocr_page' id='page_1' title='image "./herodotusrecens00blakgoog_0258.png"; bbox 0 0 2282 3550; ppageno 0'>
   <div class='ocr_carea' id='block_1_1' title="bbox 123 141 975 3392">
    <p class='ocr_par' dir='ltr' id='par_1_1' title="bbox 123 141 975 3392">
     <span class='ocr_line' id='line_1_1' title="bbox 163 141 966 208; baseline 0.005 -18"><span class='ocrx_word' id='word_1_1' title='bbox 163 142 211 190; x_wconf 77' lang='grc' dir='ltr'>οεο</span> <span class='ocrx_word' id='word_1_2' title='bbox 464 141 647 191; x_wconf 74' lang='grc' dir='ltr'>Ἥνοιοοου</span> <span class='ocrx_word' id='word_1_3' title='bbox 872 142 966 208; x_wconf 80' lang='lat' dir='ltr'><strong>[vm.</strong></span> 
     </span>
     <span class='ocr_line' id='line_1_2' title="bbox 168 217 967 300; baseline 0.003 -21"><span class='ocrx_word' id='word_1_4' title='bbox 168 217 248 283; x_wconf 73' lang='grc' dir='ltr'>οὗτος</span> <span class='ocrx_word' id='word_1_5' title='bbox 261 217 334 295; x_wconf 78' lang='grc' dir='ltr'>ῶνήρ</span> <span class='ocrx_word' id='word_1_6' title='bbox 347 218 418 282; x_wconf 81' lang='grc' dir='ltr'>στός</span> <span class='ocrx_word' id='word_1_7' title='bbox 436 220 482 279; x_wconf 78' lang='grc' dir='ltr'>ἐπὶ</span> <span class='ocrx_word' id='word_1_8' title='bbox 494 218 528 280; x_wconf 81' lang='grc' dir='ltr'>τό</span> <span class='ocrx_word' id='word_1_9' title='bbox 544 220 695 298; x_wconf 86' lang='grc' dir='ltr'>συνέδριον,</span> <span class='ocrx_word' id='word_1_10' title='bbox 710 221 869 292; x_wconf 79' lang='grc' dir='ltr'>ἐξεκαλέετο</span> <span class='ocrx_word' id='word_1_11' title='bbox 886 229 967 300; x_wconf 86' lang='grc' dir='ltr'>Θεμι-</span> 
     </span>
     <span class='ocr_line' id='line_1_3' title="bbox 168 306 969 389; baseline 0.002 -21"><span class='ocrx_word' id='word_1_12' title='bbox 168 313 298 386; x_wconf 85' lang='grc' dir='ltr'>στοκλῆα</span> <span class='ocrx_word' id='word_1_13' title='bbox 318 306 399 367; x_wconf 86' lang='grc' dir='ltr'>ἐόντα</span> <span class='ocrx_word' id='word_1_14' title='bbox 417 309 468 382; x_wconf 78' lang='grc' dir='ltr'>μὲν</span> <span class='ocrx_word' id='word_1_15' title='bbox 487 311 575 387; x_wconf 79' lang='grc' dir='ltr'>ἑωυτῷ</span> <span class='ocrx_word' id='word_1_16' title='bbox 596 308 628 368; x_wconf 89' lang='grc' dir='ltr'>οὐ</span> <span class='ocrx_word' id='word_1_17' title='bbox 650 311 737 385; x_wconf 80' lang='grc' dir='ltr'>φίλον</span> <span class='ocrx_word' id='word_1_18' title='bbox 758 309 860 389; x_wconf 84' lang='grc' dir='ltr'>ἐχθρόν</span> <span class='ocrx_word' id='word_1_19' title='bbox 881 311 910 369; x_wconf 81' lang='grc' dir='ltr'>δὲ</span> <span class='ocrx_word' id='word_1_20' title='bbox 933 312 969 370; x_wconf 82' lang='grc' dir='ltr'>τό</span> 
     </span>
     <span class='ocr_line' id='line_1_4' title="bbox 168 393 969 476; baseline 0.004 -21"><span class='ocrx_word' id='word_1_21' title='bbox 168 395 304 472; x_wconf 78' lang='grc' dir='ltr'>μάλιστα·</span> <span class='ocrx_word' id='word_1_22' title='bbox 338 393 393 455; x_wconf 85' lang='grc' dir='ltr'>ὐπό</span> <span class='ocrx_word' id='word_1_23' title='bbox 414 395 444 454; x_wconf 85' lang='grc' dir='ltr'>δὲ</span> <span class='ocrx_word' id='word_1_24' title='bbox 463 395 599 476; x_wconf 84' lang='grc' dir='ltr'>μεγάθεος</span> <span class='ocrx_word' id='word_1_25' title='bbox 623 401 678 457; x_wconf 86' lang='grc' dir='ltr'>τῶν</span> <span class='ocrx_word' id='word_1_26' title='bbox 700 397 858 476; x_wconf 88' lang='grc' dir='ltr'>παρεόντων</span> <span class='ocrx_word' id='word_1_27' title='bbox 879 404 969 458; x_wconf 83' lang='grc' dir='ltr'>κακῶν</span> 
     </span>
     <span class='ocr_line' id='line_1_5' title="bbox 168 482 970 567; baseline 0.006 -25"><span class='ocrx_word' id='word_1_28' title='bbox 168 482 259 560; x_wconf 82' lang='grc' dir='ltr'>λήθην</span> <span class='ocrx_word' id='word_1_29' title='bbox 280 483 388 544; x_wconf 80' lang='grc' dir='ltr'>ἐκείνων</span> <span class='ocrx_word' id='word_1_30' title='bbox 407 483 569 559; x_wconf 81' lang='grc' dir='ltr'>ποιεύμενος</span> <span class='ocrx_word' id='word_1_31' title='bbox 597 485 765 556; x_wconf 77' lang='grc' dir='ltr'>ἐξεκαλέετο,</span> <span class='ocrx_word' id='word_1_32' title='bbox 787 486 876 546; x_wconf 89' lang='grc' dir='ltr'>θέλων</span> <span class='ocrx_word' id='word_1_33' title='bbox 896 485 970 567; x_wconf 77' lang='grc' dir='ltr'>αὐτῷ</span> 
     </span>
     <span class='ocr_line' id='line_1_6' title="bbox 168 571 969 649; baseline 0.004 -18"><span class='ocrx_word' id='word_1_34' title='bbox 168 572 314 649; x_wconf 83' lang='grc' dir='ltr'>συμμίξαι·</span> <span class='ocrx_word' id='word_1_35' title='bbox 335 571 492 648; x_wconf 86' lang='grc' dir='ltr'>προακήκοε</span> <span class='ocrx_word' id='word_1_36' title='bbox 505 573 536 631; x_wconf 79' lang='grc' dir='ltr'>δὲ</span> <span class='ocrx_word' id='word_1_37' title='bbox 549 571 593 632; x_wconf 82' lang='grc' dir='ltr'>ότι</span> <span class='ocrx_word' id='word_1_38' title='bbox 606 571 752 633; x_wconf 78' lang='grc' dir='ltr'>σπεύδοιεν</span> <span class='ocrx_word' id='word_1_39' title='bbox 766 575 792 632; x_wconf 84' lang='grc' dir='ltr'>οἱ</span> <span class='ocrx_word' id='word_1_40' title='bbox 806 572 863 635; x_wconf 82' lang='grc' dir='ltr'>α’πό</span> <span class='ocrx_word' id='word_1_41' title='bbox 877 578 969 634; x_wconf 88' lang='grc' dir='ltr'>Πελο-</span> 
     </span>
     <span class='ocr_line' id='line_1_7' title="bbox 168 658 969 741; baseline 0.005 -23"><span class='ocrx_word' id='word_1_42' title='bbox 168 660 311 736; x_wconf 74' lang='grc' dir='ltr'>ποννήσου</span> <span class='ocrx_word' id='word_1_43' title='bbox 325 658 437 741; x_wconf 79' lang='grc' dir='ltr'>α’νόγειν</span> <span class='ocrx_word' id='word_1_44' title='bbox 449 659 500 724; x_wconf 81' lang='grc' dir='ltr'>τός</span> <span class='ocrx_word' id='word_1_45' title='bbox 512 663 581 732; x_wconf 74' lang='grc' dir='ltr'>νῆας</span> <span class='ocrx_word' id='word_1_46' title='bbox 595 659 665 738; x_wconf 82' lang='grc' dir='ltr'>πρός</span> <span class='ocrx_word' id='word_1_47' title='bbox 680 660 731 720; x_wconf 81' lang='grc' dir='ltr'>τόν</span> <span class='ocrx_word' id='word_1_48' title='bbox 743 659 869 736; x_wconf 88' lang='grc' dir='ltr'>Ἰσθμόν·</span> <span class='ocrx_word' id='word_1_49' title='bbox 891 661 926 725; x_wconf 86' lang='grc' dir='ltr'>ῶς</span> <span class='ocrx_word' id='word_1_50' title='bbox 939 663 969 722; x_wconf 83' lang='grc' dir='ltr'>δέ</span> 
     </span>
     <span class='ocr_line' id='line_1_8' title="bbox 168 747 968 830; baseline 0.005 -24"><span class='ocrx_word' id='word_1_51' title='bbox 168 748 271 823; x_wconf 73' lang='grc' dir='ltr'>ἐξῆλθέ</span> <span class='ocrx_word' id='word_1_52' title='bbox 297 753 324 808; x_wconf 82' lang='grc' dir='ltr'>οἱ</span> <span class='ocrx_word' id='word_1_53' title='bbox 351 748 567 824; x_wconf 84' lang='grc' dir='ltr'>Θεμιστοκλέης,</span> <span class='ocrx_word' id='word_1_54' title='bbox 593 750 671 830; x_wconf 77' lang='grc' dir='ltr'>ἔλεγε</span> <span class='ocrx_word' id='word_1_55' title='bbox 693 747 867 826; x_wconf 80' lang='grc' dir='ltr'>Ἀριστείδης</span> <span class='ocrx_word' id='word_1_56' title='bbox 892 751 968 810; x_wconf 88' lang='grc' dir='ltr'>τόδε·</span> 
     </span>
     <span class='ocr_line' id='line_1_9' title="bbox 169 835 970 919; baseline 0.002 -23"><span class='ocrx_word' id='word_1_57' title='bbox 169 845 187 870; x_wconf 88' lang='grc'><strong>“</strong></span> <span class='ocrx_word' id='word_1_58' title='bbox 194 836 282 913; x_wconf 80' lang='grc' dir='ltr'>ἡμέας</span> <span class='ocrx_word' id='word_1_59' title='bbox 295 837 459 908; x_wconf 76' lang='grc' dir='ltr'>στασιάζειν</span> <span class='ocrx_word' id='word_1_60' title='bbox 471 835 555 916; x_wconf 89' lang='grc' dir='ltr'>χρεόν</span> <span class='ocrx_word' id='word_1_61' title='bbox 572 842 634 898; x_wconf 90' lang='grc' dir='ltr'>ἐστι</span> <span class='ocrx_word' id='word_1_62' title='bbox 652 838 680 896; x_wconf 84' lang='grc' dir='ltr'>ἐν</span> <span class='ocrx_word' id='word_1_63' title='bbox 697 835 778 916; x_wconf 78' lang='grc' dir='ltr'>τετῷ</span> <span class='ocrx_word' id='word_1_64' title='bbox 791 837 871 917; x_wconf 77' lang='grc' dir='ltr'>ἄλλῳ</span> <span class='ocrx_word' id='word_1_65' title='bbox 885 845 970 919; x_wconf 77' lang='grc' dir='ltr'>καιρῷ</span> 
     </span>
     <span class='ocr_line' id='line_1_10' title="bbox 169 925 970 1003; baseline 0.004 -20"><span class='ocrx_word' id='word_1_66' title='bbox 169 926 215 984; x_wconf 83' lang='grc' dir='ltr'>καὶ</span> <span class='ocrx_word' id='word_1_67' title='bbox 229 925 263 1001; x_wconf 81' lang='grc' dir='ltr'>δή</span> <span class='ocrx_word' id='word_1_68' title='bbox 277 927 323 985; x_wconf 85' lang='grc' dir='ltr'>καὶ</span> <span class='ocrx_word' id='word_1_69' title='bbox 344 931 373 985; x_wconf 92' lang='grc' dir='ltr'>ἐν</span> <span class='ocrx_word' id='word_1_70' title='bbox 390 925 465 1003; x_wconf 79' lang='grc' dir='ltr'>τῷδε,</span> <span class='ocrx_word' id='word_1_71' title='bbox 484 925 548 1001; x_wconf 85' lang='grc' dir='ltr'>περὶ</span> <span class='ocrx_word' id='word_1_72' title='bbox 565 929 615 984; x_wconf 85' lang='grc' dir='ltr'>τοῦ</span> <span class='ocrx_word' id='word_1_73' title='bbox 636 925 764 1002; x_wconf 79' lang='grc' dir='ltr'>ὁκότερος</span> <span class='ocrx_word' id='word_1_74' title='bbox 781 925 873 1003; x_wconf 74' lang='grc' dir='ltr'>η’μέων</span> <span class='ocrx_word' id='word_1_75' title='bbox 891 929 970 986; x_wconf 85' lang='grc' dir='ltr'>πλέω</span> 
     </span>
     <span class='ocr_line' id='line_1_11' title="bbox 168 1011 970 1094; baseline 0.005 -22"><span class='ocrx_word' id='word_1_76' title='bbox 168 1011 261 1093; x_wconf 78' lang='grc' dir='ltr'>όγαθό</span> <span class='ocrx_word' id='word_1_77' title='bbox 273 1013 326 1091; x_wconf 83' lang='grc' dir='ltr'>τήν</span> <span class='ocrx_word' id='word_1_78' title='bbox 338 1013 460 1090; x_wconf 82' lang='grc' dir='ltr'>πατρίδα</span> <span class='ocrx_word' id='word_1_79' title='bbox 474 1013 632 1093; x_wconf 81' lang='grc' dir='ltr'>ἐργάσεται·</span> <span class='ocrx_word' id='word_1_80' title='bbox 651 1017 725 1094; x_wconf 87' lang='grc' dir='ltr'>λέγω</span> <span class='ocrx_word' id='word_1_81' title='bbox 739 1013 771 1072; x_wconf 90' lang='grc' dir='ltr'>δέ</span> <span class='ocrx_word' id='word_1_82' title='bbox 781 1039 831 1087; x_wconf 75' lang='grc' dir='ltr'>τοι,</span> <span class='ocrx_word' id='word_1_83' title='bbox 848 1014 892 1074; x_wconf 85' lang='grc' dir='ltr'>ὅτι</span> <span class='ocrx_word' id='word_1_84' title='bbox 904 1015 970 1076; x_wconf 76' lang='grc' dir='ltr'>ἶσόν</span> 
     </span>
     <span class='ocr_line' id='line_1_12' title="bbox 168 1099 970 1182; baseline 0.005 -22"><span class='ocrx_word' id='word_1_85' title='bbox 168 1105 230 1161; x_wconf 85' lang='grc' dir='ltr'>ἐστι</span> <span class='ocrx_word' id='word_1_86' title='bbox 243 1101 340 1162; x_wconf 74' lang='grc' dir='ltr'>πολλοί</span> <span class='ocrx_word' id='word_1_87' title='bbox 352 1127 383 1162; x_wconf 89' lang='grc' dir='ltr'>τε</span> <span class='ocrx_word' id='word_1_88' title='bbox 402 1101 449 1160; x_wconf 82' lang='grc' dir='ltr'>καὶ</span> <span class='ocrx_word' id='word_1_89' title='bbox 467 1099 552 1182; x_wconf 81' lang='grc' dir='ltr'>ὀλίγα</span> <span class='ocrx_word' id='word_1_90' title='bbox 570 1101 664 1182; x_wconf 92' lang='grc' dir='ltr'>λέγειν</span> <span class='ocrx_word' id='word_1_91' title='bbox 677 1102 741 1177; x_wconf 83' lang='grc' dir='ltr'>περὶ</span> <span class='ocrx_word' id='word_1_92' title='bbox 759 1100 906 1162; x_wconf 85' lang='grc' dir='ltr'>α’ποπλόου</span> <span class='ocrx_word' id='word_1_93' title='bbox 918 1107 970 1164; x_wconf 80' lang='grc' dir='ltr'>τοῦ</span> 
     </span>
     <span class='ocr_line' id='line_1_13' title="bbox 169 1189 970 1271; baseline 0.002 -23"><span class='ocrx_word' id='word_1_94' title='bbox 169 1191 292 1250; x_wconf 80' lang='grc' dir='ltr'>ἐνθεῦτεν</span> <span class='ocrx_word' id='word_1_95' title='bbox 309 1191 578 1266; x_wconf 88' lang='grc' dir='ltr'>Πελοποννησίοισι·</span> <span class='ocrx_word' id='word_1_96' title='bbox 613 1189 666 1271; x_wconf 86' lang='grc' dir='ltr'>ἐγῶ</span> <span class='ocrx_word' id='word_1_97' title='bbox 689 1189 745 1270; x_wconf 73' lang='grc' dir='ltr'>γὰρ</span> <span class='ocrx_word' id='word_1_98' title='bbox 766 1189 905 1267; x_wconf 77' lang='grc' dir='ltr'>αὐτόπτης</span> <span class='ocrx_word' id='word_1_99' title='bbox 925 1217 970 1251; x_wconf 92' lang='grc' dir='ltr'>τοι</span> 
     </span>
     <span class='ocr_line' id='line_1_14' title="bbox 169 1276 973 1358; baseline 0.004 -22"><span class='ocrx_word' id='word_1_100' title='bbox 169 1278 243 1358; x_wconf 88' lang='grc' dir='ltr'>λέγω</span> <span class='ocrx_word' id='word_1_101' title='bbox 260 1278 415 1358; x_wconf 83' lang='grc' dir='ltr'>γενόμενος,</span> <span class='ocrx_word' id='word_1_102' title='bbox 431 1276 475 1337; x_wconf 85' lang='grc' dir='ltr'>ὅτι</span> <span class='ocrx_word' id='word_1_103' title='bbox 494 1281 551 1348; x_wconf 76' lang='grc' dir='ltr'>νῦν,</span> <span class='ocrx_word' id='word_1_104' title='bbox 570 1276 626 1338; x_wconf 85' lang='grc' dir='ltr'>οὐδ’</span> <span class='ocrx_word' id='word_1_105' title='bbox 640 1277 674 1354; x_wconf 82' lang='grc' dir='ltr'>ἢν</span> <span class='ocrx_word' id='word_1_106' title='bbox 693 1279 807 1348; x_wconf 86' lang='grc' dir='ltr'>θέλωσι,</span> <span class='ocrx_word' id='word_1_107' title='bbox 824 1281 973 1354; x_wconf 90' lang='grc' dir='ltr'>Κορίνθιοί</span> 
     </span>
     <span class='ocr_line' id='line_1_15' title="bbox 168 1365 969 1442; baseline 0.005 -19"><span class='ocrx_word' id='word_1_108' title='bbox 168 1391 199 1424; x_wconf 86' lang='grc' dir='ltr'>τε</span> <span class='ocrx_word' id='word_1_109' title='bbox 213 1367 259 1424; x_wconf 86' lang='grc' dir='ltr'>καὶ</span> <span class='ocrx_word' id='word_1_110' title='bbox 272 1365 355 1430; x_wconf 84' lang='grc' dir='ltr'>αὐτός</span> <span class='ocrx_word' id='word_1_111' title='bbox 367 1365 544 1442; x_wconf 75' lang='grc' dir='ltr'>Εὐρυβιάδης</span> <span class='ocrx_word' id='word_1_112' title='bbox 564 1366 622 1426; x_wconf 84' lang='grc' dir='ltr'>οἶοί</span> <span class='ocrx_word' id='word_1_113' title='bbox 636 1392 667 1426; x_wconf 87' lang='grc' dir='ltr'>τε</span> <span class='ocrx_word' id='word_1_114' title='bbox 683 1368 795 1426; x_wconf 80' lang='grc' dir='ltr'>ἔσονται</span> <span class='ocrx_word' id='word_1_115' title='bbox 813 1370 969 1427; x_wconf 78' lang='grc' dir='ltr'>ἐκπλῶσαι·</span> 
     </span>
     <span class='ocr_line' id='line_1_16' title="bbox 168 1453 970 1534; baseline 0.005 -24"><span class='ocrx_word' id='word_1_116' title='bbox 168 1453 354 1531; x_wconf 86' lang='grc' dir='ltr'>περιεχόμεθα</span> <span class='ocrx_word' id='word_1_117' title='bbox 379 1453 434 1534; x_wconf 77' lang='grc' dir='ltr'>γὰρ</span> <span class='ocrx_word' id='word_1_118' title='bbox 461 1453 515 1514; x_wconf 84' lang='grc' dir='ltr'>ὐπό</span> <span class='ocrx_word' id='word_1_119' title='bbox 535 1458 590 1514; x_wconf 89' lang='grc' dir='ltr'>τῶν</span> <span class='ocrx_word' id='word_1_120' title='bbox 610 1454 752 1531; x_wconf 88' lang='grc' dir='ltr'>πολεμίων</span> <span class='ocrx_word' id='word_1_121' title='bbox 773 1453 873 1534; x_wconf 78' lang='grc' dir='ltr'>κύκλῳ·</span> <span class='ocrx_word' id='word_1_122' title='bbox 903 1453 970 1514; x_wconf 75' lang='grc' dir='ltr'>ἀλλ’</span> 
     </span>
     <span class='ocr_line' id='line_1_17' title="bbox 123 1542 970 1622; baseline 0.008 -24"><span class='ocrx_word' id='word_1_123' title='bbox 123 1542 160 1599; x_wconf 85' lang='grc'>80</span> <span class='ocrx_word' id='word_1_124' title='bbox 168 1542 293 1602; x_wconf 74' lang='grc' dir='ltr'>ἐσελθών</span> <span class='ocrx_word' id='word_1_125' title='bbox 321 1549 377 1618; x_wconf 93' lang='grc' dir='ltr'>σφι</span> <span class='ocrx_word' id='word_1_126' title='bbox 408 1545 496 1602; x_wconf 84' lang='grc' dir='ltr'>ταῦτα</span> <span class='ocrx_word' id='word_1_127' title='bbox 529 1542 682 1622; x_wconf 82' lang='grc' dir='ltr'>σήμηνον.”</span> <span class='ocrx_word' id='word_1_128' title='bbox 722 1543 756 1602; x_wconf 92' lang='grc' dir='ltr'>Ὁ</span> <span class='ocrx_word' id='word_1_129' title='bbox 784 1543 807 1602; x_wconf 85' lang='grc' dir='ltr'>δ’</span> <span class='ocrx_word' id='word_1_130' title='bbox 834 1543 970 1620; x_wconf 85' lang='grc' dir='ltr'>α’μείβετο</span> 
     </span>
     <span class='ocr_line' id='line_1_18' title="bbox 168 1629 970 1710; baseline 0.004 -22"><span class='ocrx_word' id='word_1_131' title='bbox 168 1629 273 1689; x_wconf 79' lang='grc' dir='ltr'>τοῖσδε·</span> <span class='ocrx_word' id='word_1_132' title='bbox 317 1629 430 1707; x_wconf 86' lang='grc' dir='ltr'>“κόρτα</span> <span class='ocrx_word' id='word_1_133' title='bbox 460 1654 491 1690; x_wconf 89' lang='grc' dir='ltr'>τε</span> <span class='ocrx_word' id='word_1_134' title='bbox 521 1631 633 1710; x_wconf 82' lang='grc' dir='ltr'>χρηστοὶ</span> <span class='ocrx_word' id='word_1_135' title='bbox 664 1629 834 1691; x_wconf 78' lang='grc' dir='ltr'>διακελεύεαι</span> <span class='ocrx_word' id='word_1_136' title='bbox 861 1633 907 1691; x_wconf 84' lang='grc' dir='ltr'>καὶ</span> <span class='ocrx_word' id='word_1_137' title='bbox 939 1632 970 1692; x_wconf 77' lang='grc' dir='ltr'>εὖ</span> 
     </span>
     <span class='ocr_line' id='line_1_19' title="bbox 168 1716 971 1801; baseline 0.009 -24"><span class='ocrx_word' id='word_1_138' title='bbox 168 1716 311 1799; x_wconf 80' lang='grc' dir='ltr'>ἤγγειλας·</span> <span class='ocrx_word' id='word_1_139' title='bbox 352 1718 388 1778; x_wconf 77' lang='grc' dir='ltr'>τό</span> <span class='ocrx_word' id='word_1_140' title='bbox 413 1718 468 1799; x_wconf 79' lang='grc' dir='ltr'>γῶρ</span> <span class='ocrx_word' id='word_1_141' title='bbox 496 1719 550 1800; x_wconf 85' lang='grc' dir='ltr'>ἐγῶ</span> <span class='ocrx_word' id='word_1_142' title='bbox 578 1719 692 1796; x_wconf 87' lang='grc' dir='ltr'>ἐδεόμην</span> <span class='ocrx_word' id='word_1_143' title='bbox 718 1720 858 1801; x_wconf 87' lang='grc' dir='ltr'>γενέσθαι,</span> <span class='ocrx_word' id='word_1_144' title='bbox 887 1720 971 1785; x_wconf 83' lang='grc' dir='ltr'>αὐτός</span> 
     </span>
     <span class='ocr_line' id='line_1_20' title="bbox 169 1805 971 1890; baseline 0.006 -26"><span class='ocrx_word' id='word_1_145' title='bbox 169 1805 308 1885; x_wconf 87' lang='grc' dir='ltr'>αὐτόπτης</span> <span class='ocrx_word' id='word_1_146' title='bbox 334 1807 482 1889; x_wconf 85' lang='grc' dir='ltr'>γενόμενος</span> <span class='ocrx_word' id='word_1_147' title='bbox 508 1807 591 1884; x_wconf 83' lang='grc' dir='ltr'>ἥκεις·</span> <span class='ocrx_word' id='word_1_148' title='bbox 627 1809 688 1868; x_wconf 81' lang='grc' dir='ltr'>ἴσθι</span> <span class='ocrx_word' id='word_1_149' title='bbox 710 1807 766 1890; x_wconf 77' lang='grc' dir='ltr'>γόρ</span> <span class='ocrx_word' id='word_1_150' title='bbox 792 1809 822 1878; x_wconf 82' lang='grc' dir='ltr'>ἐξ</span> <span class='ocrx_word' id='word_1_151' title='bbox 845 1810 909 1885; x_wconf 88' lang='grc' dir='ltr'>ἐμέο</span> <span class='ocrx_word' id='word_1_152' title='bbox 933 1810 971 1869; x_wconf 71' lang='grc' dir='ltr'>ποῖ</span> 
     </span>
     <span class='ocr_line' id='line_1_21' title="bbox 169 1895 971 1974; baseline 0.007 -22"><span class='ocrx_word' id='word_1_153' title='bbox 169 1895 318 1973; x_wconf 84' lang='grc' dir='ltr'>ποιεόμενα</span> <span class='ocrx_word' id='word_1_154' title='bbox 338 1895 393 1956; x_wconf 84' lang='grc' dir='ltr'>ὐπό</span> <span class='ocrx_word' id='word_1_155' title='bbox 415 1895 528 1972; x_wconf 80' lang='grc' dir='ltr'>Μήδων·</span> <span class='ocrx_word' id='word_1_156' title='bbox 553 1897 621 1955; x_wconf 76' lang='grc' dir='ltr'>ἐδεε</span> <span class='ocrx_word' id='word_1_157' title='bbox 641 1895 704 1974; x_wconf 79' lang='grc' dir='ltr'>γοὶρ,</span> <span class='ocrx_word' id='word_1_158' title='bbox 725 1895 772 1956; x_wconf 83' lang='grc' dir='ltr'>ὅτε</span> <span class='ocrx_word' id='word_1_159' title='bbox 793 1896 842 1956; x_wconf 91' lang='grc' dir='ltr'>οὐκ</span> <span class='ocrx_word' id='word_1_160' title='bbox 863 1897 971 1962; x_wconf 90' lang='grc' dir='ltr'>ἐκόντες</span> 
     </span>
     <span class='ocr_line' id='line_1_22' title="bbox 169 1983 971 2064; baseline 0.005 -23"><span class='ocrx_word' id='word_1_161' title='bbox 169 1983 266 2044; x_wconf 79' lang='grc' dir='ltr'>ἔθελον</span> <span class='ocrx_word' id='word_1_162' title='bbox 280 1989 308 2048; x_wconf 91' lang='grc' dir='ltr'>ἐς</span> <span class='ocrx_word' id='word_1_163' title='bbox 320 1983 415 2064; x_wconf 87' lang='grc' dir='ltr'>μόχην</span> <span class='ocrx_word' id='word_1_164' title='bbox 433 1985 620 2044; x_wconf 87' lang='grc' dir='ltr'>κατίστασθαι</span> <span class='ocrx_word' id='word_1_165' title='bbox 639 1987 665 2044; x_wconf 88' lang='grc' dir='ltr'>οἶ</span> <span class='ocrx_word' id='word_1_166' title='bbox 675 1985 823 2061; x_wconf 83' lang='grc' dir='ltr'>Ἕλληνες,</span> <span class='ocrx_word' id='word_1_167' title='bbox 838 1985 971 2050; x_wconf 86' lang='grc' dir='ltr'>οἷέκοντας</span> 
     </span>
     <span class='ocr_line' id='line_1_23' title="bbox 169 2071 970 2155; baseline 0.004 -26"><span class='ocrx_word' id='word_1_168' title='bbox 169 2071 420 2149; x_wconf 86' lang='grc' dir='ltr'>παραστήσασθαι·</span> <span class='ocrx_word' id='word_1_169' title='bbox 438 2073 475 2134; x_wconf 85' lang='grc' dir='ltr'>σύ</span> <span class='ocrx_word' id='word_1_170' title='bbox 489 2073 527 2142; x_wconf 81' lang='grc' dir='ltr'>δέ,</span> <span class='ocrx_word' id='word_1_171' title='bbox 539 2074 652 2151; x_wconf 86' lang='grc' dir='ltr'>ἐπείπερ</span> <span class='ocrx_word' id='word_1_172' title='bbox 665 2071 740 2149; x_wconf 83' lang='grc' dir='ltr'>ἥκεις</span> <span class='ocrx_word' id='word_1_173' title='bbox 752 2072 866 2153; x_wconf 79' lang='grc' dir='ltr'>χρηστό</span> <span class='ocrx_word' id='word_1_174' title='bbox 880 2073 970 2155; x_wconf 82' lang='grc' dir='ltr'>όπαγ-</span> 
     </span>
     <span class='ocr_line' id='line_1_24' title="bbox 169 2159 971 2243; baseline 0.006 -26"><span class='ocrx_word' id='word_1_175' title='bbox 169 2159 287 2239; x_wconf 89' lang='grc' dir='ltr'>γέλλων,</span> <span class='ocrx_word' id='word_1_176' title='bbox 311 2159 394 2223; x_wconf 86' lang='grc' dir='ltr'>αὐτός</span> <span class='ocrx_word' id='word_1_177' title='bbox 417 2168 473 2236; x_wconf 91' lang='grc' dir='ltr'>σφι</span> <span class='ocrx_word' id='word_1_178' title='bbox 499 2160 642 2242; x_wconf 79' lang='grc' dir='ltr'>ἄγγειλον·</span> <span class='ocrx_word' id='word_1_179' title='bbox 676 2160 710 2238; x_wconf 82' lang='grc' dir='ltr'>ἢν</span> <span class='ocrx_word' id='word_1_180' title='bbox 736 2161 792 2242; x_wconf 73' lang='grc' dir='ltr'>γὰρ</span> <span class='ocrx_word' id='word_1_181' title='bbox 819 2162 873 2243; x_wconf 86' lang='grc' dir='ltr'>ἐγῶ</span> <span class='ocrx_word' id='word_1_182' title='bbox 899 2161 971 2222; x_wconf 74' lang='grc' dir='ltr'>αὐτὰ</span> 
     </span>
     <span class='ocr_line' id='line_1_25' title="bbox 169 2247 971 2330; baseline 0.006 -26"><span class='ocrx_word' id='word_1_183' title='bbox 169 2248 251 2327; x_wconf 85' lang='grc' dir='ltr'>λέγω,</span> <span class='ocrx_word' id='word_1_184' title='bbox 279 2247 349 2318; x_wconf 79' lang='grc' dir='ltr'>δόξω</span> <span class='ocrx_word' id='word_1_185' title='bbox 372 2248 487 2312; x_wconf 78' lang='grc' dir='ltr'>πλάσας</span> <span class='ocrx_word' id='word_1_186' title='bbox 509 2251 603 2330; x_wconf 81' lang='grc' dir='ltr'>λέγειν</span> <span class='ocrx_word' id='word_1_187' title='bbox 630 2251 675 2308; x_wconf 85' lang='grc' dir='ltr'>καὶ</span> <span class='ocrx_word' id='word_1_188' title='bbox 702 2249 734 2309; x_wconf 88' lang='grc' dir='ltr'>οὐ</span> <span class='ocrx_word' id='word_1_189' title='bbox 758 2250 853 2324; x_wconf 84' lang='grc' dir='ltr'>πείσω,</span> <span class='ocrx_word' id='word_1_190' title='bbox 878 2249 913 2313; x_wconf 84' lang='grc' dir='ltr'>ῶς</span> <span class='ocrx_word' id='word_1_191' title='bbox 937 2251 971 2310; x_wconf 90' lang='grc' dir='ltr'>οὐ</span> 
     </span>
     <span class='ocr_line' id='line_1_26' title="bbox 169 2335 972 2418; baseline 0.007 -25"><span class='ocrx_word' id='word_1_192' title='bbox 169 2335 318 2396; x_wconf 86' lang='grc' dir='ltr'>ποιεόντων</span> <span class='ocrx_word' id='word_1_193' title='bbox 331 2339 386 2396; x_wconf 92' lang='grc' dir='ltr'>τῶν</span> <span class='ocrx_word' id='word_1_194' title='bbox 398 2335 556 2415; x_wconf 77' lang='grc' dir='ltr'>βαρβάρων</span> <span class='ocrx_word' id='word_1_195' title='bbox 568 2342 665 2398; x_wconf 70' lang='grc' dir='ltr'>ταῦτα·</span> <span class='ocrx_word' id='word_1_196' title='bbox 683 2337 760 2398; x_wconf 67' lang='grc' dir='ltr'>οἶλλό</span> <span class='ocrx_word' id='word_1_197' title='bbox 773 2345 829 2412; x_wconf 91' lang='grc' dir='ltr'>σφι</span> <span class='ocrx_word' id='word_1_198' title='bbox 842 2339 972 2418; x_wconf 82' lang='grc' dir='ltr'>σήμηνον</span> 
     </span>
     <span class='ocr_line' id='line_1_27' title="bbox 170 2421 972 2506; baseline 0.007 -25"><span class='ocrx_word' id='word_1_199' title='bbox 170 2421 252 2485; x_wconf 83' lang='grc' dir='ltr'>αὐτός</span> <span class='ocrx_word' id='word_1_200' title='bbox 279 2424 427 2501; x_wconf 85' lang='grc' dir='ltr'>παρελθῶν</span> <span class='ocrx_word' id='word_1_201' title='bbox 453 2425 488 2489; x_wconf 85' lang='grc' dir='ltr'>ῶς</span> <span class='ocrx_word' id='word_1_202' title='bbox 513 2427 575 2505; x_wconf 78' lang='grc' dir='ltr'>ἔχει</span> <span class='ocrx_word' id='word_1_203' title='bbox 619 2425 702 2486; x_wconf 80' lang='grc' dir='ltr'>ἐτεόν</span> <span class='ocrx_word' id='word_1_204' title='bbox 725 2427 755 2486; x_wconf 84' lang='grc' dir='ltr'>δέ</span> <span class='ocrx_word' id='word_1_205' title='bbox 779 2426 914 2506; x_wconf 81' lang='grc' dir='ltr'>σημήνῃς,</span> <span class='ocrx_word' id='word_1_206' title='bbox 936 2425 972 2504; x_wconf 85' lang='grc' dir='ltr'>ἢν</span> 
     </span>
     <span class='ocr_line' id='line_1_28' title="bbox 170 2513 972 2591; baseline 0.006 -21"><span class='ocrx_word' id='word_1_207' title='bbox 170 2513 222 2587; x_wconf 76' lang='grc' dir='ltr'>μὲν</span> <span class='ocrx_word' id='word_1_208' title='bbox 235 2513 391 2583; x_wconf 87' lang='grc' dir='ltr'>πείθωνται,</span> <span class='ocrx_word' id='word_1_209' title='bbox 402 2517 490 2572; x_wconf 82' lang='grc' dir='ltr'>ταῦτα</span> <span class='ocrx_word' id='word_1_210' title='bbox 503 2514 537 2589; x_wconf 82' lang='grc' dir='ltr'>δή</span> <span class='ocrx_word' id='word_1_211' title='bbox 551 2515 587 2574; x_wconf 78' lang='grc' dir='ltr'>τό</span> <span class='ocrx_word' id='word_1_212' title='bbox 601 2515 751 2574; x_wconf 77' lang='grc' dir='ltr'>κάλλιστα·</span> <span class='ocrx_word' id='word_1_213' title='bbox 768 2513 803 2591; x_wconf 80' lang='grc' dir='ltr'>ἦν</span> <span class='ocrx_word' id='word_1_214' title='bbox 816 2513 845 2574; x_wconf 87' lang='grc' dir='ltr'>δέ</span> <span class='ocrx_word' id='word_1_215' title='bbox 859 2514 972 2575; x_wconf 80' lang='grc' dir='ltr'>αὐτοῖσι</span> 
     </span>
     <span class='ocr_line' id='line_1_29' title="bbox 168 2599 973 2684; baseline 0.006 -26"><span class='ocrx_word' id='word_1_216' title='bbox 168 2599 208 2676; x_wconf 81' lang='grc' dir='ltr'>μή</span> <span class='ocrx_word' id='word_1_217' title='bbox 229 2600 319 2660; x_wconf 76' lang='grc' dir='ltr'>πιστὰ</span> <span class='ocrx_word' id='word_1_218' title='bbox 338 2601 459 2682; x_wconf 89' lang='grc' dir='ltr'>γένηται,</span> <span class='ocrx_word' id='word_1_219' title='bbox 481 2601 578 2679; x_wconf 85' lang='grc' dir='ltr'>όμοῖον</span> <span class='ocrx_word' id='word_1_220' title='bbox 597 2603 665 2680; x_wconf 81' lang='grc' dir='ltr'>ἡμῖν</span> <span class='ocrx_word' id='word_1_221' title='bbox 687 2605 774 2663; x_wconf 83' lang='grc' dir='ltr'>ἔσται·</span> <span class='ocrx_word' id='word_1_222' title='bbox 802 2603 835 2663; x_wconf 87' lang='grc' dir='ltr'>οὐ</span> <span class='ocrx_word' id='word_1_223' title='bbox 854 2602 909 2684; x_wconf 79' lang='grc' dir='ltr'>γόρ</span> <span class='ocrx_word' id='word_1_224' title='bbox 931 2605 973 2664; x_wconf 81' lang='grc' dir='ltr'>ἔτι</span> 
     </span>
     <span class='ocr_line' id='line_1_30' title="bbox 170 2687 972 2771; baseline 0.009 -26"><span class='ocrx_word' id='word_1_225' title='bbox 170 2687 366 2765; x_wconf 81' lang='grc' dir='ltr'>διαδρήσονται</span> <span class='ocrx_word' id='word_1_226' title='bbox 385 2690 461 2766; x_wconf 83' lang='grc' dir='ltr'>εἴπερ</span> <span class='ocrx_word' id='word_1_227' title='bbox 480 2691 667 2770; x_wconf 87' lang='grc' dir='ltr'>περιεχόμεθα</span> <span class='ocrx_word' id='word_1_228' title='bbox 682 2692 865 2771; x_wconf 86' lang='grc' dir='ltr'>πανταχόθεν,</span> <span class='ocrx_word' id='word_1_229' title='bbox 880 2691 916 2755; x_wconf 83' lang='grc' dir='ltr'>ῶς</span> <span class='ocrx_word' id='word_1_230' title='bbox 932 2692 972 2752; x_wconf 88' lang='grc' dir='ltr'>σύ</span> 
     </span>
     <span class='ocr_line' id='line_1_31' title="bbox 123 2776 971 2860; baseline 0.012 -26"><span class='ocrx_word' id='word_1_231' title='bbox 123 2776 287 2856; x_wconf 87' lang='grc' dir='ltr'>81λίγεις.”</span> <span class='ocrx_word' id='word_1_232' title='bbox 327 2781 421 2837; x_wconf 80' lang='grc' dir='ltr'>Ταῦτα</span> <span class='ocrx_word' id='word_1_233' title='bbox 455 2780 534 2860; x_wconf 86' lang='grc' dir='ltr'>ἔλεγε</span> <span class='ocrx_word' id='word_1_234' title='bbox 567 2779 715 2856; x_wconf 86' lang='grc' dir='ltr'>παρελθῶν</span> <span class='ocrx_word' id='word_1_235' title='bbox 741 2779 761 2840; x_wconf 84' lang='grc' dir='ltr'>ό</span> <span class='ocrx_word' id='word_1_236' title='bbox 787 2779 971 2858; x_wconf 81' lang='grc' dir='ltr'>Ἀριστείδης,</span> 
     </span>
     <span class='ocr_line' id='line_1_32' title="bbox 171 2863 972 2949; baseline 0.007 -27"><span class='ocrx_word' id='word_1_237' title='bbox 171 2863 295 2940; x_wconf 86' lang='grc' dir='ltr'>φόμενος</span> <span class='ocrx_word' id='word_1_238' title='bbox 316 2865 347 2934; x_wconf 81' lang='grc' dir='ltr'>ἐξ</span> <span class='ocrx_word' id='word_1_239' title='bbox 367 2866 481 2945; x_wconf 81' lang='grc' dir='ltr'>Αἰγίνης</span> <span class='ocrx_word' id='word_1_240' title='bbox 500 2892 530 2926; x_wconf 94' lang='grc' dir='ltr'>τε</span> <span class='ocrx_word' id='word_1_241' title='bbox 551 2865 635 2942; x_wconf 85' lang='grc' dir='ltr'>ήκειν,</span> <span class='ocrx_word' id='word_1_242' title='bbox 658 2868 703 2926; x_wconf 85' lang='grc' dir='ltr'>καὶ</span> <span class='ocrx_word' id='word_1_243' title='bbox 723 2868 805 2949; x_wconf 88' lang='grc' dir='ltr'>μόγις</span> <span class='ocrx_word' id='word_1_244' title='bbox 826 2872 972 2929; x_wconf 76' lang='grc' dir='ltr'>ἐκπλῶσαι</span> 
     </span>
     <span class='ocr_line' id='line_1_33' title="bbox 170 2950 972 3038; baseline 0.011 -30"><span class='ocrx_word' id='word_1_245' title='bbox 170 2952 265 3011; x_wconf 85' lang='grc' dir='ltr'>λαθῶν</span> <span class='ocrx_word' id='word_1_246' title='bbox 285 2950 350 3014; x_wconf 79' lang='grc' dir='ltr'>τούς</span> <span class='ocrx_word' id='word_1_247' title='bbox 371 2955 565 3030; x_wconf 87' lang='grc' dir='ltr'>ἐπορμέοντας·</span> <span class='ocrx_word' id='word_1_248' title='bbox 593 2956 774 3034; x_wconf 89' lang='grc' dir='ltr'>περιέχεσθαι</span> <span class='ocrx_word' id='word_1_249' title='bbox 793 2955 849 3038; x_wconf 76' lang='grc' dir='ltr'>γῶρ</span> <span class='ocrx_word' id='word_1_250' title='bbox 865 2961 922 3016; x_wconf 82' lang='grc' dir='ltr'>πῶν</span> <span class='ocrx_word' id='word_1_251' title='bbox 937 2956 972 3017; x_wconf 84' lang='grc' dir='ltr'>τό</span> 
     </span>
     <span class='ocr_line' id='line_1_34' title="bbox 170 3039 973 3119; baseline 0.012 -23"><span class='ocrx_word' id='word_1_252' title='bbox 170 3039 361 3116; x_wconf 86' lang='grc' dir='ltr'>στρατόπεδον</span> <span class='ocrx_word' id='word_1_253' title='bbox 395 3039 428 3101; x_wconf 86' lang='grc' dir='ltr'>τό</span> <span class='ocrx_word' id='word_1_254' title='bbox 462 3041 631 3119; x_wconf 82' lang='grc' dir='ltr'>Ἑλληνικόν</span> <span class='ocrx_word' id='word_1_255' title='bbox 659 3045 714 3105; x_wconf 84' lang='grc' dir='ltr'>ὐπό</span> <span class='ocrx_word' id='word_1_256' title='bbox 741 3049 796 3105; x_wconf 87' lang='grc' dir='ltr'>τῶν</span> <span class='ocrx_word' id='word_1_257' title='bbox 823 3049 890 3106; x_wconf 90' lang='grc' dir='ltr'>νεῶν</span> <span class='ocrx_word' id='word_1_258' title='bbox 916 3050 973 3106; x_wconf 90' lang='grc' dir='ltr'>τῶν</span> 
     </span>
     <span class='ocr_line' id='line_1_35' title="bbox 170 3126 973 3212; baseline 0.011 -26"><span class='ocrx_word' id='word_1_259' title='bbox 170 3126 286 3202; x_wconf 79' lang='grc' dir='ltr'>Ξέρξεω·</span> <span class='ocrx_word' id='word_1_260' title='bbox 308 3130 518 3206; x_wconf 88' lang='grc' dir='ltr'>παραρτέεσθαί</span> <span class='ocrx_word' id='word_1_261' title='bbox 532 3157 564 3190; x_wconf 90' lang='grc' dir='ltr'>τε</span> <span class='ocrx_word' id='word_1_262' title='bbox 582 3133 771 3210; x_wconf 80' lang='grc' dir='ltr'>συνεβούλευε</span> <span class='ocrx_word' id='word_1_263' title='bbox 784 3134 973 3212; x_wconf 73' lang='grc' dir='ltr'>ῶςόλεξησο-</span> 
     </span>
     <span class='ocr_line' id='line_1_36' title="bbox 169 3213 975 3300; baseline 0.017 -30"><span class='ocrx_word' id='word_1_264' title='bbox 169 3213 277 3288; x_wconf 87' lang='grc' dir='ltr'>μένους.</span> <span class='ocrx_word' id='word_1_265' title='bbox 320 3217 365 3274; x_wconf 82' lang='grc' dir='ltr'>καὶ</span> <span class='ocrx_word' id='word_1_266' title='bbox 387 3216 403 3275; x_wconf 84' lang='grc' dir='ltr'>ὁ</span> <span class='ocrx_word' id='word_1_267' title='bbox 425 3221 484 3293; x_wconf 82' lang='grc' dir='ltr'>μὲν,</span> <span class='ocrx_word' id='word_1_268' title='bbox 506 3223 593 3278; x_wconf 81' lang='grc' dir='ltr'>ταῦτα</span> <span class='ocrx_word' id='word_1_269' title='bbox 614 3222 700 3292; x_wconf 89' lang='grc' dir='ltr'>ε’ίπας,</span> <span class='ocrx_word' id='word_1_270' title='bbox 718 3222 896 3300; x_wconf 86' lang='grc' dir='ltr'>μετεστήκεε·</span> <span class='ocrx_word' id='word_1_271' title='bbox 916 3227 975 3285; x_wconf 87' lang='grc' dir='ltr'>τῶν</span> 
     </span>
     <span class='ocr_line' id='line_1_37' title="bbox 171 3299 975 3392; baseline 0.021 -36"><span class='ocrx_word' id='word_1_272' title='bbox 171 3299 200 3356; x_wconf 74' lang='grc' dir='ltr'>δὲ</span> <span class='ocrx_word' id='word_1_273' title='bbox 214 3301 289 3364; x_wconf 78' lang='grc' dir='ltr'>αὖτις</span> <span class='ocrx_word' id='word_1_274' title='bbox 303 3304 407 3382; x_wconf 82' lang='grc' dir='ltr'>ἐγίνετο</span> <span class='ocrx_word' id='word_1_275' title='bbox 420 3304 513 3386; x_wconf 89' lang='grc' dir='ltr'>λόγων</span> <span class='ocrx_word' id='word_1_276' title='bbox 526 3305 725 3386; x_wconf 85' lang='grc' dir='ltr'>ὐμφισβασίη·</span> <span class='ocrx_word' id='word_1_277' title='bbox 747 3315 774 3371; x_wconf 81' lang='grc' dir='ltr'>οἱ</span> <span class='ocrx_word' id='word_1_278' title='bbox 787 3312 842 3392; x_wconf 78' lang='grc' dir='ltr'>γόρ</span> <span class='ocrx_word' id='word_1_279' title='bbox 856 3315 975 3375; x_wconf 81' lang='grc' dir='ltr'>πλεῦνες</span> 
     </span>
    </p>
   </div>
   <div class='ocr_carea' id='block_1_2' title="bbox 0 0 1151 3550">
    <p class='ocr_par' dir='ltr' id='par_1_2' title="bbox 0 0 1151 3550">
     <span class='ocr_line' id='line_1_38' title="bbox 0 0 1151 3550; baseline 0 0"><span class='ocrx_word' id='word_1_280' title='bbox 0 0 1151 3550; x_wconf 95' lang='lat' dir='ltr'> </span> 
     </span>
    </p>
   </div>
  </div>
 </body>
</html>
