2250 3552
140 138 279 202 109-111]
448 140 634 190 ΚΑΛΛῙΟΠΗ.
704 151 705 155 ’
893 141 940 190 333

139 219 170 279 δὲ
194 218 249 295 τήν
273 218 418 295 Ἑλλήνων
437 224 584 301 γλῶσσαν,
605 219 786 278 ΤΕΛΕΙΟΝ·
812 218 877 278 τότε
898 219 944 278 καὶ

138 306 191 383 τήν
205 306 334 384 κεφαλήν
352 312 459 384 σμᾶται
475 311 579 385 μοῦνον
597 307 745 385 βασιλεῦς,
764 308 810 367 καὶ
828 308 944 384 Πέρσας

139 394 279 473 δωρέεται·
299 395 402 472 ταύτην
415 396 449 472 δή
463 397 515 473 τήν
532 397 639 474 ἡμέρην
652 396 808 473 φυλάξασα
820 396 839 472 ή
852 393 943 474 Ἀμη-

139 508 229 560 στρις,
242 482 339 562 χρῄζει
352 489 402 542 τοῦ
419 485 527 562 Ξέρξεω
545 485 663 558 δοθῆναί
679 488 705 544 οἱ
721 484 774 561 τήν
788 485 944 546 Μασίστεω

141 575 266 652 γυναῖκα·
289 571 303 630 ὁ
318 571 347 630 δὲ
361 571 450 632 δεινόν
463 599 493 632 τε
508 573 554 632 καὶ
567 571 703 650 α’νάρσιον
717 573 847 646 ε’ποιέετο,
859 576 943 633 τοῦτο

140 661 193 736 μὲν
215 658 357 734 ἀδελφεοῦ
377 665 495 740 γυναῖκα
512 661 691 738 παραδοῦναι,
712 665 798 721 τοῦτο
819 661 849 720 δὲ
869 660 943 721 α’ναι-

140 748 203 824 τίην
227 753 329 808 εὀῦσαν
355 751 405 808 τοῦ
432 747 597 829 πρήγματος
617 748 728 809 τούτου·
762 753 866 825 συιήκε
889 749 944 831 γάρ

141 839 192 896 τοῦ
205 837 305 896 εἵνεκεν
323 836 423 898 ἐδέετο.
463 838 553 900 Τέλος
569 838 673 915 μέντοι,
688 837 777 912 κείνης
793 862 824 896 τε
842 842 923 896 λιπα-
935 841 988 900 lll

140 924 260 1002 ρεούσης
274 925 320 983 καὶ
333 924 388 984 ῦπό
401 928 452 984 τοῦ
469 925 555 1001 νόμου
577 925 764 1006 ἐξεργόμενος·
786 923 829 985 ὅτι
843 924 944 1003 α’τυχή-

142 1039 193 1072 σαι
210 1013 260 1074 τὸν
280 1013 419 1092 χρῄζοντα
440 1013 473 1074 οῦ
493 1019 550 1089 σφι
571 1013 686 1073 δυνατόν
706 1018 768 1072 ἐστι
788 1013 945 1088 βασιληίου

143 1101 254 1161 δείπνου
267 1103 458 1179 προκειμένου·
477 1101 566 1179 κάρτα
579 1101 613 1177 δή
627 1100 714 1161 α’έκων
728 1101 877 1164 κατανεύει·
900 1102 945 1160 καὶ

143 1189 283 1266 ταραδοῦς
306 1191 394 1250 ποιέει
416 1188 476 1249 ὦδε·
510 1189 563 1266 τήν
583 1191 635 1267 μὲν
659 1189 764 1248 κελεύει
787 1189 890 1249 ποιέειν
910 1189 946 1250 τά

142 1277 288 1353 βούλεται,
302 1278 318 1338 ὁ
331 1277 361 1337 δὲ
378 1277 632 1356 μεταπεμψάμενος
648 1278 698 1338 τὸν
716 1276 856 1354 ἀδελφεὰν
868 1279 947 1359 λέγει

143 1365 217 1426 τάδε·
240 1377 257 1402 “
266 1368 414 1436 Μασίστα,
427 1367 464 1426 σῦ
486 1366 524 1429 εἶς
540 1367 661 1442 Δαρείου
676 1392 707 1425 τε
725 1369 798 1435 παῖς,
817 1366 863 1424 καὶ
880 1365 946 1444 ε’μάς

144 1452 291 1531 ἀδελφεάς·
312 1454 382 1532 πρδς
396 1454 419 1514 δ’
434 1456 473 1514 ἔτι
486 1453 621 1524 τούτοισι,
636 1452 682 1512 καὶ
695 1453 733 1517 εἶς
746 1453 816 1532 άνήρ
829 1452 944 1536 α’γαθός·

143 1542 251 1621 γυναικὶ
276 1543 309 1619 δή
331 1542 417 1622 ταύτῃ
440 1547 476 1622 τῇ
497 1546 546 1602 νῦν
566 1543 725 1611 συνοικέεις,
749 1541 789 1620 μή
810 1545 945 1603 συνοίκεε·

144 1629 222 1690 άλλά
234 1657 279 1690 τοι
292 1630 349 1691 α’ντ’
363 1629 448 1706 αὐτῆς
462 1629 516 1712 ε’γῦ
534 1629 630 1707 δίδωμι
645 1632 783 1711 θυγατέρα
801 1631 854 1708 τήν
867 1631 946 1708 ε’μήν·

144 1718 230 1798 ταύτῃ
244 1720 377 1792 συνοίκεε,
392 1719 444 1794 τήν
458 1720 487 1777 δὲ
501 1721 549 1779 νῦν
563 1721 642 1798 ἔχεις,
656 1719 688 1778 οῦ
704 1720 759 1800 γάρ
773 1720 861 1779 δοκέει
875 1721 946 1796 ε’μοὶ,

143 1809 184 1884 μή
206 1809 253 1887 ἔχε
273 1807 415 1888 γυναῖκα·”
436 1807 452 1866 ὁ
474 1808 503 1866 δὲ
526 1809 679 1883 Μασίστης
701 1807 891 1884 ἀποθωμάσας
912 1807 948 1867 τά

145 1895 291 1977 λεγομενα,
306 1897 384 1976 λέγει
397 1895 511 1954 τάδε·“
521 1923 542 1954 ω
527 1895 739 1966 ’δέσποτα,’
709 1921 771 1955 τινα
790 1920 840 1972 μοι
860 1895 948 1976 λόγον

145 1983 275 2064 λέγεις’
258 2009 419 2095 αχρηρτον,
434 1982 552 2044 κελεύων
572 2009 609 2060 με
631 1988 756 2064 γυναῖκα,
776 1989 807 2043 ε’κ
827 1987 877 2059 τῆς
899 2009 950 2059 μοι

145 2071 241 2134 παῖδες
263 2073 366 2147 νεηνίαι
386 2098 417 2131 τε
439 2075 494 2132 εἶσι
518 2073 564 2131 καὶ
588 2072 743 2149 θυγατέρες,
765 2097 821 2132 των
842 2073 887 2130 καὶ
910 2071 947 2131 σῦ

144 2159 212 2236 μίαν
225 2187 263 2238 τῳ
249 2159 406 2219 '‘vrat&
369 2187 407 2240 τω
423 2164 547 2220 σεωυτοῦ
564 2159 670 2241 ἠγάγεο
688 2163 814 2242 γυναῖκα,
828 2159 948 2236 αύτή’
915 2185 946 2219 τε

144 2273 194 2323 μοι
218 2247 289 2307 κατά
312 2247 377 2308 νόον
399 2247 532 2330 τυγχάνει
555 2247 643 2326 κάρτα
667 2253 762 2319 εὀῦσα,
784 2247 888 2325 ταύτην
910 2274 947 2324 με

146 2335 267 2399 κελεύεις
279 2337 404 2412 μετέντα,
419 2336 558 2416 θυγατέρα
571 2335 623 2412 τήν
636 2337 692 2413 σήν
709 2341 816 2418 γῆμαι;
838 2338 892 2418 ε’γώ
910 2338 947 2406 δὲ,

145 2425 280 2500 βασιλεῦ,
303 2425 378 2505 μέγα
400 2426 452 2500 μὲν
473 2427 605 2502 ποιεῦμαι
631 2424 789 2502 ἐξιώμενος
813 2425 950 2507 θυγατρδς

146 2515 196 2588 τῆς
219 2516 281 2588 σῆς,
304 2512 415 2588 ποιήσω
439 2513 535 2589 μέντοι
557 2512 661 2572 τούτων
685 2513 824 2590 οὐδέτερα·
859 2513 896 2572 m)
920 2513 950 2572 δὲ

145 2601 279 2708 μηδαμῶς
292 2602 349 2677 βιῶ
362 2600 528 2709 πρήγματος
540 2600 648 2660 τοιοῦδε
664 2600 802 2677 δεόμενος·
823 2599 949 2658 άλλοὶ
913 2627 949 2679 τη

146 2715 176 2748 τε
197 2694 237 2768 σῇ
261 2688 416 2801 θηγατρὶ’
399 2688 469 2766 ανήρ
491 2688 581 2752 αλλος
603 2687 796 2800 φανήσεται’
784 2713 848 2763 εμευ
835 2687 950 2748 οὐδὲν

146 2777 254 2854 ήσσων,
277 2778 327 2855 ε’μέ
347 2803 379 2837 τε
402 2777 434 2835 ἔα
456 2778 620 2858 γυναικὶτη
584 2780 694 2854 τῇἒμῇ
716 2775 893 2835 συνοικεειν.”
933 2775 950 2836 ά

146 2892 198 2943 μεν
221 2866 255 2942 δή
279 2864 433 2926 τοιούτοισι
454 2864 611 2942 ἀμείβεται·
639 2864 713 2940 Ξέρξ
713 2889 745 2940 ης
696 2864 795 2934 ξδὲ
816 2864 950 2940 θυμωθεὶς

147 2955 226 3036 λέγει
246 2954 321 3014 τάδε·
344 2965 360 2989 “
370 2952 441 3014 οὕτω
461 2979 513 3023 τοι,
537 2954 685 3022 Μασίστα,
699 2953 865 3030 πέπρηκται·
888 2951 950 3012 οὔτε

147 3043 202 3124 γάρ
227 3041 262 3103 ἅν
284 3068 329 3103 τοι
352 3041 424 3122 δφην
448 3042 587 3123 θυγατέρα
606 3039 658 3117 τήν
679 3041 748 3118 ε’μήν
767 3044 864 3121 γήμαι,
887 3040 950 3101 οὔτε

148 3131 238 3209 ε’κείνη
256 3135 364 3191 πλεῦνα
382 3129 484 3208 χρόνον
500 3130 686 3204 συνοικήσεις·
708 3128 743 3192 (ῦς
760 3129 851 3208 μάθῃς
863 3129 898 3188 τά
912 3130 950 3188 δι-

148 3219 251 3297 δόμενα
278 3216 433 3278 δέκεσθαι.”
474 3215 490 3276 ὁ
515 3217 544 3275 δὲ
567 3215 602 3279 (ῦς
624 3221 712 3276 ταῦτα
735 3215 847 3291 ἤκουσε,
872 3217 951 3280 εἴπας

148 3307 274 3375 τοσόνδε,
308 3306 407 3383 ε’χιίρεε
437 3305 496 3373 ἔξω·
539 3314 556 3338 “
565 3304 697 3373 δέσποτα,
726 3303 758 3363 οῦ
788 3304 822 3378 δή
852 3305 890 3363 κοί
916 3331 951 3368 με

178 3383 277 3434 sss-26
