2250 3552
176 150 223 197 ιω
479 153 663 202 mmor
911 153 979 218 [ωε.

134 231 172 287 55
183 229 225 304 είη
238 228 354 299 ποιέειν;
371 228 420 294 Ὡς
429 229 459 289 δέ
472 229 586 289 ἀπίκετο
599 229 615 289 ὁ
630 227 716 306 κη’ρυξ
728 232 756 292 ἐς
768 227 833 293 τούς
845 233 982 291 Λακεδαι-

180 317 300 392 μονίους,
315 316 371 394 ὥρα
384 319 416 377 τέ
428 324 521 394 σφεας
540 317 610 376 κατὰ
622 316 715 396 χώρην
727 318 918 398 τεταγμένους,
934 323 983 380 καὶ

182 408 209 466 ἐς
229 405 318 463 νείκεα
338 404 506 486 ἀπιγμένους
526 404 616 465 αὐτῶν
635 405 699 468 τούς
715 405 849 482 πράπους·
871 406 906 470 οἷς
923 407 982 488 γάρ

181 493 216 567 δὴ
236 494 442 574 παρηγορέοντο
459 493 508 554 τόν
520 493 737 572 Ἀμομφάρετον
755 493 770 553 ὅ
788 519 819 553 τε
835 493 984 572 Εὐρυάναξ

181 581 227 639 καὶ
247 581 263 642 ό
285 582 448 658 Παυσανίης
466 582 506 658 μὴ
527 581 689 642 κινδυνεύειν
710 582 843 659 μένοντας
862 584 983 660 μούνους

181 670 413 748 Λακεδαιμονίων,
434 669 467 730 οὗ
491 695 543 732 κως
559 671 677 730 ἔπειθον·
708 675 734 734 ἐς
757 669 774 728 δ
796 675 823 734 ἐς
841 671 932 732 νείκεά
949 701 982 734 τε

181 759 372 835 συμπεσόντες
388 758 530 828 ἀπικέατο,
550 757 630 818 καὶὸ
650 758 736 835 κη’ρυξ
754 762 809 818 τῶν
825 758 982 837 Ἀθηναίων

180 847 337 924 παρίστατό
358 856 414 922 σφι
434 845 595 927 ἀπιγμένος·
624 849 731 906 νεικέων
750 847 780 905 δὲ
795 845 811 907 ὅ
829 846 980 925 Ἀμομφά-

180 961 267 1012 ρετος,
281 936 423 1012 λαμβάνει
441 934 543 1011 πέτρον
556 934 734 1014 ἀμφοτέρῃσι
747 939 815 1012 τῇσι
827 938 918 1014 χερσὶ,
934 939 981 997 καὶ

181 1025 266 1088 τιθεὶς
284 1025 338 1101 πρό
354 1024 446 1082 ποδῶν
461 1027 516 1082 τῶν
535 1024 709 1093 Παυσανίεω,
729 1023 816 1102 ταύτῃ
836 1028 872 1102 τῇ
893 1025 980 1106 ψήφῳ

180 1113 353 1190 ψηφίζεσθαι
380 1114 434 1188 ἐφη
455 1111 495 1188 μὴ
517 1110 629 1192 φεόγειν
652 1111 716 1174 τοῦς
736 1112 848 1181 ξείνους·
876 1113 980 1182 ξείνους

181 1201 269 1281 λέγων
291 1201 355 1264 τούς
378 1199 553 1276 βαρβάρους·
584 1198 600 1258 ό
626 1199 655 1258 δέ
680 1199 847 1276 μαινόμενον
874 1203 919 1259 καὶ
946 1202 979 1262 οὗ

181 1291 320 1366 φρενήρεα
347 1290 452 1348 καλέων
480 1293 590 1358 ἐκεῖνον,
615 1287 684 1366 πρός
705 1314 736 1348 τε
757 1288 807 1347 τάν
826 1287 980 1365 Ἀθηναίων

180 1377 284 1455 κήρυκα
302 1382 488 1456 ἐπειρωτῶντα
501 1377 536 1436 τά
551 1377 742 1454 ἐντεταλμένα,
756 1378 850 1458 λέγειν
868 1377 884 1436 ὁ
902 1384 979 1438 Παυ-

181 1467 279 1542 σανίης
292 1468 400 1526 ἐκέλευε
413 1466 449 1526 τά
461 1465 599 1543 παρεόντα
616 1471 672 1540 σφι
689 1465 849 1546 πρήγματα,
870 1456 991 1544 ἐχρήῖζέ

182 1578 211 1612 τε
230 1558 285 1614 τῶν
304 1553 458 1630 Ἀθηναίων
483 1555 691 1632 προσχωρῆσαί
708 1579 739 1612 τε
762 1553 832 1631 πρός
855 1556 978 1626 ἐωυτοιλς,

183 1642 226 1702 καὶ
248 1644 351 1704 ποιέειν
373 1645 437 1720 περὶ
458 1647 508 1718 τῆς
529 1641 635 1700 ἀπόδου
656 1641 743 1719 τάπερ
762 1640 796 1701 ἂν
817 1643 862 1700 καὶ
884 1647 978 1718 σφεῖς.

133 1732 171 1788 56
184 1731 238 1790 Καὶ
253 1731 269 1790 ό
285 1734 336 1808 μὲν
357 1731 563 1791 ἀπαλλάσσπο
580 1735 607 1810 ἐς
622 1730 686 1794 τούς
701 1729 871 1806 Ἀθηναίους.
914 1731 979 1796 τούς

179 1819 210 1878 δέ
226 1821 285 1880 ἐπεὶ
304 1820 530 1896 ἀνακρινομένους
547 1817 616 1894 πρός
632 1817 746 1882 έωυτοιλς
765 1817 820 1893 ἤιός
841 1819 979 1896 κατελάμ·

180 1908 260 1983 βανε,
274 1915 303 1968 ἐν
316 1909 402 1987 τούτῳ
416 1911 453 1986 τῷ
466 1907 557 1986 χρόνῳ
569 1905 720 1983 κατήμενος
733 1907 751 1966 ὁ.
764 1909 979 1983 Παυσανίης,οά

180 1995 280 2056 δοκέων
293 1997 342 2057 τὸν
354 1995 571 2072 Ἀμομφάρετον
584 1995 734 2072 λείψεσθαι
747 1999 802 2055 τῶν
814 1995 909 2055 ἀλλων
921 2005 978 2056 Λα-

181 2085 356 2161 κεδαιμονίων
383 2082 614 2162 ἀποστειχόντων,
639 2083 686 2164 (τά
713 2083 747 2159 δή
775 2084 821 2142 καὶ
849 2085 977 2165 ἐγένετο,)

182 2173 310 2250 σημῄνας
327 2173 418 2254 ἀπῆγε
435 2171 480 2231 διά
492 2175 547 2230 τῶν
564 2175 692 2230 κολωνῶν
705 2173 770 2234 τούς
782 2171 899 2234 λοιποάς
911 2172 977 2232 πάν-

179 2285 238 2323 τας·
260 2261 371 2320 εἵποντο
385 2261 414 2319 δέ
429 2261 474 2318 καὶ
492 2262 637 2340 Τεγεῆται·
658 2259 802 2336 Ἀθηναῖοι
819 2259 848 2318 δέ
864 2262 979 2338 ταχθέν-

179 2373 224 2410 τες
238 2348 323 2424 ἥῖσαν
340 2348 376 2408 τά
395 2350 515 2425 ἔμπαλιν
533 2346 551 2424 ἢ
569 2346 792 2424 Λακεδαιμόνιοι·
814 2351 840 2406 οἶ
855 2350 907 2423 μὲν
922 2347 978 2429 γάρ

181 2441 236 2496 τῶν
261 2463 292 2496 τε
319 2435 409 2516 ὄχθων
437 2436 596 2516 ἀντείχοντο
624 2436 670 2494 καὶ
692 2439 742 2511 τῆς
768 2435 902 2514 ὑπωρείης
928 2441 978 2496 τοῦ

182 2526 351 2602 Κιθαιρῶνος
380 2525 552 2602 φοβεόμενοι
578 2523 630 2601 τήν
658 2524 751 2595 ἵππον,
778 2524 922 2601 Ἀθηναῖοι
949 2525 980 2585 δέ

131 2613 169 2674 57
180 2612 252 2672 κάτω
272 2614 441 2691 τραφθέντες
458 2618 485 2676 ἐς
499 2613 532 2673 τό
552 2613 654 2672 πεδίον.
695 2611 913 2689 Ἀμομφάρετος
940 2613 978 2683 δέ,

179 2701 268 2781 ἀρχήν
278 2728 308 2762 τε
319 2701 426 2779 οὖδαμά
439 2702 539 2761 δοκέων
550 2701 715 2776 Παυσανίην
722 2699 878 2778 τολμήσειν
888 2702 980 2776 σφέας

179 2789 336 2860 ἀπολιπεῖν,
360 2791 515 2868 περιείχετο
536 2787 620 2848 αὗτοῦ
640 2790 773 2864 μένοντας
793 2788 833 2865 μὴ
857 2793 980 2848 ἐκλιπεῖν

178 2877 231 2954 τήν
256 2877 343 2948 τάξιν·
375 2877 578 2955 προτερεόντων
605 2877 634 2936 δέ
657 2881 711 2937 τῶν
738 2876 792 2936 σῦν
820 2877 976 2954 Παυσανίη,

144 2980 151 2992 ’
179 2965 331 3035 καταδόξας
345 2965 444 3028 αὐτοῦς
458 2965 528 3042 ἱθείῃ
542 2966 627 3044 τέχνῃ
645 2965 795 3024 ἀπολιπεῖν
808 2963 901 3034 αὐτόν,
916 2963 980 3023 ἀνα·

178 3054 307 3128 λαβοντα
327 3052 376 3113 τόν
396 3052 486 3131 λόχον
505 3053 541 3111 τοὶ
562 3051 638 3126 ὅπλα
658 3052 711 3133 ἦγε
734 3052 827 3128 βάδην
851 3051 922 3128 πρός
947 3051 980 3111 τά

178 3136 253 3196 ἀλλο
272 3142 384 3214 στῖφος·
406 3139 439 3198 τό
456 3139 493 3208 δὲ,
508 3138 634 3199 α’πελθδν
652 3139 722 3199 ὅσον
740 3165 771 3199 τε
789 3141 855 3200 δέκα
869 3140 979 3210 στάδια,

177 3221 291 3297 ἀνέμενε
321 3224 371 3284 τόν
398 3224 617 3301 Ἀμομφαρέτου
645 3227 733 3305 λόχον
760 3229 825 3305 περὶ
851 3229 979 3304 ποταμόν
1026 3293 1027 3296 ¹

179 3308 328 3378 Μολόεντα
348 3311 490 3385 ἱδρυμένον
507 3311 671 3390 Ἀργιόπιόν
687 3339 718 3372 τε
735 3319 828 3392 χῶρον
846 3317 979 3392 καλεόμε·
