2250 3552
166 149 307 214 112-118]
477 150 665 201 ΚΑΛΛῙΟΠΗ.
719 161 721 165 ’
915 151 963 200 335

164 233 218 288 τιῦν
238 228 335 291 ἄλλων
354 234 408 290 τιῦν
425 232 598 307 περιοικίδων
619 231 664 288 καὶ
681 231 715 305 δὴ
731 232 777 290 καὶ
794 235 824 290 ἐκ
842 230 964 308 Καρδίης

164 319 264 382 πόλιος
281 319 430 395 Οἰόβαζος,
447 318 517 396 ἀτηρ
533 321 656 396 Πέρσης,
670 318 700 383 ῦς
713 319 748 378 τά
762 324 792 378 ἐκ
808 323 862 378 τῶν
877 326 963 400 γεφυ-

163 409 233 486 ρέων
252 407 329 467 ὅπλα
350 408 467 468 ἐνθαῦτα
482 407 518 481 ἦν
536 406 695 484 κεκομικώς·
720 407 796 487 εἶχον
814 407 844 467 δέ
861 405 964 483 ταύτην

164 495 307 575 ἐπιχώριοι
323 495 446 564 Αἰολέες,
464 497 592 570 συνῆσαν
611 495 640 554 δέ
657 496 769 572 Πέρσαι
788 522 820 556 τε
842 496 887 555 καὶ
909 499 963 555 τιῦν

163 582 259 646 ἄλλων
275 583 432 662 συμμάχων
450 584 554 663 συχνός
570 583 678 660 ὅμιλος.
718 582 895 660 Ἐτυράννευε
914 584 943 644 δὲ
954 586 1009 643 116

162 670 262 737 τούτου
274 675 325 732 τοῦ
343 675 430 749 νομοῦ
443 671 551 749 Ξέρξεω
564 671 689 752 ὕπαρχος
701 671 878 749 Ἀρταόκτης,
893 672 962 749 ἀνὴρ

162 761 214 842 μέν
227 762 351 838 Πέρσης,
366 759 454 824 δεινός
470 760 500 820 δέ
519 761 566 819 καὶ
578 759 750 823 ἀτάσθαλος·
773 759 803 823 ῦς
816 762 862 820 καὶ
874 762 960 836 βασι·

162 849 216 910 λέα
243 848 394 910 ἐλαύνοντα
418 847 460 907 ἐπ’
486 848 606 925 Ἀθήνας
630 849 797 926 ἐξηπάτησε,
819 849 855 909 τά
883 855 962 926 Πρω-

161 937 281 999 τεσίλεω
299 940 349 998 τοῦ
362 937 491 1014 Ἰφίκλου
504 937 636 1016 χρήματα
653 937 684 1006 ἐξ
699 936 877 1000 Ἐλαιοῦντος
896 936 962 1012 ῦφε-

162 1024 290 1101 λόμενος·
319 1031 348 1085 ἐν
368 1025 424 1105 γάρ
445 1024 604 1086 Ἐλαιοῦντι
619 1029 669 1101 τῆς
691 1025 877 1102 Χερσονήσου
899 1026 961 1085 ἐστὶ

163 1113 350 1194 Πρωτεσίλεω
366 1113 457 1189 τάφος
472 1140 503 1174 τε
522 1115 567 1173 καὶ
582 1114 695 1192 τέμενος
712 1114 775 1192 περὶ
791 1114 881 1187 αὐτόν,
897 1115 962 1173 ἔνθα

161 1199 196 1276 ἧν
208 1202 341 1281 χρήματα
353 1202 458 1272 πολλὰ,
470 1204 516 1262 καὶ
527 1201 631 1279 φιάλαι
639 1202 758 1282 χρύσεαι
766 1204 811 1262 καὶ
822 1201 961 1284 ἀργύρεαι,

162 1291 208 1357 καὶ
228 1290 345 1369 χαλκός,
367 1291 413 1349 καὶ
440 1291 534 1368 ἐσθὴς,
557 1293 603 1350 καὶ
626 1290 703 1350 ἀλλα
724 1290 897 1368 ἀναθήματα,
923 1291 959 1351 τά

160 1377 331 1458 Ἀρταΰκτης
357 1378 490 1455 ἐσύλησε,
511 1381 651 1456 βασιλέος
677 1380 782 1443 δόντος·
816 1380 905 1460 λέγων
931 1380 961 1439 δὲ

160 1466 254 1529 τοιάδε
269 1468 373 1545 Ξέρξεα
390 1467 549 1543 διεβάλετο·
572 1479 588 1503 “
598 1468 729 1541 δέσποτα,
749 1469 811 1529 ἐστι
828 1467 902 1531 οἶκος
915 1468 960 1528 ἀν-

161 1553 375 1632 δράςἘλληνος
388 1557 515 1627 ἐνθαῦτα,
529 1556 560 1620 ὃς
573 1558 618 1615 ἐπὶ
630 1560 685 1637 γῆν
697 1555 748 1632 τήν
762 1557 817 1634 σην
830 1583 960 1634 στρατευ-

161 1641 291 1720 σάμενος,
305 1645 381 1721 δίκης
394 1645 517 1722 κυρήσας
527 1643 657 1704 ἀπέθανε·
678 1644 777 1705 τοῦτου
789 1671 839 1724 μοι
852 1645 900 1708 δός
912 1645 962 1705 τόν

161 1731 246 1802 οἶκον,
269 1733 313 1792 ἵνα
333 1733 382 1791 καί
397 1758 439 1795 τις
456 1733 533 1812 μάθῃ
552 1733 597 1792 ἐπὶ
613 1738 667 1810 γῆν
683 1733 734 1809 τὴν
750 1733 806 1810 σην
821 1733 862 1810 μὴ
875 1759 960 1810 στρα-

161 1819 317 1882 τεῦεσθαι·”
331 1824 419 1882 ταῦτα
431 1823 529 1902 λέγων,
545 1821 676 1884 εὐπετέως
689 1823 791 1896 ἔμελλε
800 1820 962 1880 ἀναπείσειν

160 1908 266 1986 Ξέρξεα
279 1909 373 1970 δοῦναι
386 1908 486 1987 ἀνδρός
499 1910 583 1978 οἶκον,
597 1908 675 1969 οὐδὲν
687 1909 899 1985 ὑποτοπηθέντα
907 1912 961 1968 τῶν

161 1999 264 2060 ἐκεῖνος
278 1998 401 2074 ἐφρόνεε·
419 2000 465 2057 ἐπὶ
477 2002 532 2079 γῆν
545 1998 575 2057 δέ
584 1997 636 2074 τὴν
645 1997 785 2074 βασιλέος
794 1995 961 2073 στρατεύεσ-

161 2085 209 2148 θαι
230 2087 432 2163 Πρωτεσιλεων
452 2087 539 2167 ἔλεγε,
559 2086 643 2145 νοέων
662 2084 763 2144 τοιάδε·
790 2083 842 2160 τὴν
860 2084 962 2160 Ἀσίην

160 2177 259 2234 πᾶσαν
274 2176 418 2252 νομίζουσι
437 2178 542 2234 ἑωυτῶν
559 2174 628 2234 εἶναι
644 2174 764 2250 Πέρσαι,
780 2173 826 2231 καὶ
841 2176 891 2232 τοῦ
908 2173 961 2232 αἰεὶ

160 2261 374 2338 βασιλεύοντος·
396 2263 455 2321 ἐπεὶ
471 2263 501 2320 δέ
519 2262 601 2338 ἐδόθη
618 2262 654 2322 τά
671 2261 812 2340 χρήματα,
827 2262 858 2332 ἐξ
868 2259 963 2320 ’Ἐλαι-

161 2353 258 2414 οῦντος
271 2356 299 2414 ἐς
312 2350 426 2426 Σηστόν
439 2349 602 2426 ἐξεφόρησε,
618 2351 663 2409 καὶ
675 2349 708 2410 τό
721 2351 833 2427 τέμενος
851 2351 962 2428 ἔσπειρε

162 2439 207 2498 καὶ
226 2439 346 2515 ἐνέμετο·
368 2437 452 2501 αὐτός
468 2463 499 2497 τε
517 2437 586 2501 ὅκως
604 2437 732 2498 ἀπίκοιτο
746 2444 774 2502 ἐς
786 2438 961 2510 Ἐλαιοῦντα,

161 2531 191 2586 ἐν
203 2531 242 2605 τῷ
254 2526 344 2606 ἀδύτῳ
356 2526 465 2607 γυναιξὶ
479 2525 621 2607 ἐμίσγετο.
655 2526 719 2587 τότε
730 2527 759 2585 δὲ
768 2527 962 2604 ἐπολιορκέετο

161 2614 216 2674 ῦπδ
229 2614 389 2692 Ἀθηναίων,
405 2613 468 2674 οῦτε
481 2615 744 2692 παρεσκευασμένος
757 2619 784 2676 ἐς
798 2615 962 2691 πολιορκίην
987 2671 991 2680 ,

161 2701 225 2763 οὔτε
246 2703 469 2780 προσδεκόμενος
490 2703 555 2766 τοῦς
571 2701 724 2777 Ἕλληνας·
756 2701 909 2782 ἀφυλάκτῳ
932 2702 963 2761 δέ

162 2817 214 2854 κως
224 2791 297 2870 αὐτῷ
304 2793 451 2850 ἐπέπεσον.
481 2790 561 2850 Ἐπεὶ
572 2791 602 2850 δέ
615 2790 879 2868 πολιορκεομένοισί
887 2797 942 2866 σφι
953 2793 1009 2851 117

162 2878 340 2956 φθινόπωρον
360 2879 510 2960 ἐπεγίνετο,
533 2880 578 2938 καὶ
599 2878 750 2958 ἤσχαλλον
772 2881 799 2938 οἱ
819 2876 963 2954 Ἀθηναῖοι

161 2967 218 3027 ἀπό
234 2992 266 3026 τε
283 2970 334 3042 τῆς
352 2970 456 3026 ἐωυτιῦν
473 2967 677 3043 ἀποδημέοντες
697 2967 743 3026 καὶ
764 2967 797 3028 οῦ
818 2966 963 3044 δυνάμενοι

161 3055 267 3124 ἐξελεῖν
287 3054 320 3114 τό
341 3057 441 3133 τεῖχος,
461 3055 569 3115 ἐδέοντό
589 3080 620 3115 τε
640 3058 695 3114 τιῦν
711 3058 876 3135 στρατηγῶν
894 3053 963 3117 ὅκως

161 3142 297 3223 ἀπάγοιέν
319 3149 411 3218 σφεας
429 3142 528 3212 ὀπίσω,
551 3147 578 3202 οἱ
600 3143 630 3202 δέ
652 3142 701 3202 οὐκ
722 3144 842 3218 ἔφασαν,
859 3142 925 3218 πρὶν
944 3140 962 3217 ἢ

162 3231 281 3299 ἐξέλωσι
293 3227 312 3304 ἢ
324 3229 356 3288 τό
369 3228 521 3304 Ἀθηναίων
535 3230 626 3291 κοινόν
636 3235 729 3306 σφεας
738 3229 962 3307 μεταπέμψηται·

162 3316 234 3378 οὕτω
247 3317 281 3393 δὴ
292 3316 425 3396 ἔστεργον
437 3315 473 3375 τά
486 3317 633 3394 παρεόντα.
677 3321 714 3378 Οἱ
727 3317 750 3377 δ’
764 3323 794 3377 ἐν
807 3317 1010 3396 τῷτείχεῖ118
1057 3383 1061 3390 ¹
