2276 3554
146 133 290 197 τιμον]
491 120 620 182 nmo(
901 135 948 186 ιιι

147 213 179 269 οὐ
199 217 306 288 Τιμοῦν
324 212 392 271 εἶναι
412 211 465 288 τήν
483 214 573 285 αἰτίην
590 213 704 282 τούτων,
723 211 800 272 α’λλά
819 211 875 272 δεῖν
895 213 951 293 γάρ

147 299 307 359 Μιλτιάδεα
325 303 459 359 τελευτάν
478 300 519 376 μή
541 298 580 371 εὖ,
598 301 724 376 φανῆναί
740 303 766 359 οἱ
784 305 839 360 τῶν
861 304 951 360 κακιῦν

147 387 333 467 κατηγεμόνα·
369 389 505 464 Παρίοισι
518 392 569 465 μέν
584 389 618 463 δή
631 391 719 447 ταῦτα
732 387 750 463 ἡ
765 389 857 464 Πυθίη
871 390 949 468 ἐχρη-

146 501 192 535 σε.
233 475 377 552 Ἀθηναῖοι
391 477 420 536 δέ
434 482 463 535 ἐκ
479 476 577 553 Πάρου
595 476 753 535 Μιλτιάδεα
773 475 929 552 α’πονοστή-
941 477 998 536 136

147 591 239 624 σαντα
259 565 344 643 ἐσχον
364 569 392 624 ἐν
411 565 538 642 στόμασι
557 565 586 623 οἵ
601 590 631 624 τε
653 563 739 623 ἄλλοι
758 565 803 622 καὶ
823 564 951 640 μάλιστα

147 653 311 716 Ξάνθιππος
325 652 341 712 ά
354 653 531 730 Ἀρίφρονος·
553 652 584 716 ὃς
598 652 718 713 θανάτου
731 651 882 734 ῦπαγαγιέν
895 651 951 712 ῦπδ

147 741 198 800 τὸν
218 740 306 816 δῆμον
321 742 479 800 Μιλτιάδεα
500 741 592 800 ἐδίωκε
607 745 658 816 τῆς
669 739 824 816 Ἀθηναίων
844 739 952 818 άπάτης

149 828 260 887 εἵνεκεν·
282 829 441 904 Μιλτιάδης
461 829 491 888 δέ
513 827 595 892 αῦτὸς
615 831 667 905 μέν
687 828 797 904 παρειάν
817 826 867 888 οῦκ
885 826 952 887 άπε-

148 918 278 997 λογέετο·
307 915 342 992 ἦν
367 917 421 997 γάρ
449 915 582 980 άδῦνατος
610 916 683 976 ὥστε
710 917 873 994 σηπομένου
900 919 951 976 τοῦ

149 1008 250 1082 μηροῦ·
271 1005 453 1082 προκειμένου
471 1005 500 1064 δέ
523 1005 606 1065 αὐτοῦ
626 1009 655 1064 ἐν
673 1005 755 1084 κλίνῃ
775 1004 952 1081 ῦπεραπολο-

149 1093 248 1174 γέοντο
270 1097 297 1152 οἱ
320 1093 410 1168 φίλοι,
432 1097 482 1169 τῆς
502 1093 595 1172 μάχης
617 1119 648 1153 τε
671 1097 721 1169 τῆς
745 1097 774 1152 ἐν
798 1093 952 1169 Μαραθῶνι

150 1183 299 1261 γενομένης
322 1180 419 1240 πολλά
444 1183 659 1258 ἐπιμεμνημένοι
686 1181 732 1240 καὶ
758 1181 810 1257 τὴν
837 1180 952 1256 Λήμνου

150 1269 268 1346 αἳρεσιν,
283 1269 318 1333 οἷς
332 1269 403 1329 ἐλιδν
416 1269 532 1346 Λῆμνόν
544 1270 635 1330 τεκαὶ
652 1269 803 1346 τισάμενος
818 1268 883 1332 τοῦς
898 1275 952 1327 Πε-

150 1358 279 1438 λασγοῦς
296 1358 437 1435 παρέδωκε
450 1357 635 1434 Ἀθηναίοισι.
676 1358 904 1437 προσγενομένου
923 1357 953 1416 δέ

150 1450 202 1505 τοῦ
225 1445 315 1523 δήμου
337 1445 409 1525 αῦτῷ
432 1446 502 1505 κατά
523 1446 574 1522 τὴν
596 1445 738 1505 άπόλυσιν
755 1449 806 1504 τοῦ
824 1445 978 1528 θανάτου,Α

151 1535 344 1612 ζημιώσαντος
357 1535 386 1593 δέ
400 1534 470 1592 κατὰ
480 1534 532 1609 την
546 1534 654 1610 ἀδικίην
667 1533 839 1610 πεντήκοντα
851 1533 953 1592 ταλάν-

150 1649 237 1693 τοισι,
252 1622 409 1698 Μιλτιάδης
421 1624 473 1698 μὲν
485 1622 556 1699 μετά
569 1627 656 1683 ταῦτα
674 1621 903 1698 σφακελίσαντός
922 1647 954 1681 τε

150 1714 202 1769 τοῦ
220 1714 312 1788 μηροῦ
333 1711 379 1770 καὶ
400 1711 538 1774 σαπέντος
550 1713 675 1789 τελευτᾷ,
689 1711 725 1769 τά
738 1710 767 1769 δέ
780 1709 954 1786 πεντήκοντα

151 1798 278 1859 τάλαντα
298 1799 404 1868 ἐξέτισε
425 1797 440 1857 ὁ
460 1797 526 1861 πάϊς
546 1798 631 1858 αὐτοῦ
652 1799 759 1874 Κίμων.

193 1890 310 1965 Λῆμνον
323 1887 353 1945 δέ
366 1886 524 1963 Μιλτιάδης
538 1887 553 1946 ό
570 1888 698 1963 Κίμωνος
713 1883 764 1945 ὦδε
777 1888 854 1966 ἔσχε·
876 1888 999 1946 Ile-137

152 1976 268 2057 λαογοὶ,
284 1976 345 2034 ἐπεί
360 2001 391 2034 τε
409 1979 439 2034 ἐκ
458 1979 508 2051 τῆς
521 1973 649 2051 Ἀττικῆς
668 1973 723 2034 ῦπδ
741 1972 895 2049 Ἀθηναίων
914 1973 954 2044 ἐξ·

154 2063 331 2140 εβλήθησαν,
351 2065 405 2122 ε’ίτε
425 2062 462 2123 ὦν
483 2062 517 2138 δὴ
538 2063 646 2126 δικαίως
669 2063 722 2122 εἶτε
743 2061 851 2124 άδίκως·
871 2066 954 2122 τοῦτο

152 2152 208 2232 γάρ
227 2151 278 2211 οῦκ
294 2153 348 2230 ἔχω
366 2151 477 2228 φράσαι
497 2151 573 2226 πλὴν
591 2151 627 2210 τά
644 2150 793 2230 λεγόμενα·
814 2149 858 2208 ὅτι
874 2149 954 2214 Ἐκα-

153 2244 231 2303 ταῖος
252 2243 304 2317 μέν
325 2239 340 2300 ά
361 2239 559 2320 Ἡγησάνδρου
582 2241 672 2315 ἔφησε
695 2243 724 2298 ἐν
743 2241 820 2298 τοῖσι
841 2238 955 2319 λόγοισι

154 2329 245 2408 λέγων
259 2327 365 2390 άδίκως·
387 2329 448 2387 ἐπεί
459 2354 490 2387 τε
503 2328 557 2408 γάρ
574 2327 639 2386 ἰδεῖν
652 2327 715 2390 τοῦς
727 2325 892 2402 Ἀθηναίους
904 2327 956 2402 την

153 2416 256 2494 χώρην,
270 2415 321 2490 τήν
334 2422 423 2491 σφισι
436 2415 547 2475 αὐτοῖσι
560 2415 615 2475 ῦπό
629 2416 678 2474 τόν
691 2414 840 2491 Ὑμησσόν
853 2419 956 2474 ἐοῦσαν

155 2505 257 2564 ἔδοσαν
282 2507 395 2578 οἰκῆσαι
415 2504 519 2580 μισθόν
542 2507 591 2562 τοῦ
615 2504 721 2581 τείχεος
743 2506 794 2562 τοῦ
817 2503 881 2579 περὶ
903 2501 956 2578 τήν

154 2591 309 2668 ἀκρόπολίν
330 2617 393 2651 κοτε
415 2593 598 2669 ἐληλαμένου·
625 2590 728 2666 ταῦτην
750 2589 785 2654 ὥς
807 2590 872 2650 ἰδεῖν
892 2589 956 2653 τοῦς

154 2680 319 2756 Ἀθηναίους
333 2681 537 2760 ἐξεργασμένην
550 2679 588 2750 εὖ,
602 2680 653 2755 τὴν
666 2679 802 2756 πρότερον
819 2677 889 2738 εἶναι
909 2704 956 2736 κα-

155 2769 207 2844 κήν
219 2793 250 2828 τε
264 2767 310 2826 καὶ
323 2771 374 2827 τοῦ
386 2768 502 2844 μηδενός
516 2767 603 2843 άξίην,
618 2769 721 2843 λαβεῖν
736 2765 843 2842 φθόνον
860 2792 891 2826 τε
910 2767 956 2825 καὶ

156 2857 252 2934 ἵμερον
264 2859 314 2932 τῆς
326 2859 387 2936 γῆς,
402 2856 447 2914 καὶ
461 2855 531 2914 οὕτω
546 2855 701 2925 ἐξελαύνειν
714 2852 814 2916 αὐτοῦς
828 2853 957 2930 οῦδεμίαν

154 2944 250 3020 άλλην
272 2943 419 3051 πρόφασιν
445 2945 668 3020 προϊσχομένους
694 2941 759 3004 τοῦς
783 2940 955 3016 Ἀθηναίους.

155 3032 192 3099 ὥς
214 3030 299 3091 δέ
265 3031 344 3090 αυτοὶ
366 3029 511 3106 Ἀθηναῖοι
533 3032 659 3110 λέγουσι,
682 3028 791 3090 δικαίως
814 3028 956 3096 ἐξελάσαι

155 3145 323 3195 κατοικημει
324 3144 370 3181 ους
390 3118 445 3199 γάρ
465 3119 529 3180 τούς
544 3113 746 3194 Πελασγοὺς
730 3113 785 3171 υπὸ
798 3117 836 3187 τῷ
849 3112 956 3185 Υμησ-

155 3213 212 3287 σῷ,
221 3206 375 3268 ἐνθεῦτεν
361 3205 550 3282 ορμεωμένους
563 3201 679 3260 άδικέειν
692 3198 766 3255 τάδε
788 3199 890 3266 φοιτᾶν
902 3218 958 3298 γμρ

155 3299 210 3356 alei
223 3295 274 3358 τάς
288 3294 429 3370 σφετέρας
450 3289 553 3369 θυγαῧ
527 3313 603 3363 ·ερας
615 3309 645 3343 τε
660 3283 705 3340 καὶ
718 3279 781 3338 τοῦς
794 3278 927 3334 παῖδας
915 3299 950 3330 επ
