2250 3552
136 151 247 215 34-57]
450 152 636 202 κκκκιοαα.
682 159 684 163 ’
889 155 935 200 299

135 239 166 293 ἐν
180 237 354 312 Πλαταιῇσι·
376 235 422 292 ἐπὶ
435 233 472 304 δὲ,
487 233 502 293 6
520 239 549 294 ἐν
566 236 653 315 Τεγέη
669 233 739 312 πρός
756 232 895 316 Τεγεήτας
907 257 937 292 τε

135 323 183 380 καὶ
204 321 346 402 Ἀργείους
366 321 521 404 γενόμενος·
546 322 617 399 μετά
638 323 676 393 δέ,
698 321 715 382 6
737 327 766 382 ἐν
788 325 938 382 Διπαιεῦσι

135 410 206 488 πρός
220 409 357 488 Ἀρκάδας
377 410 490 484 πάντας,
504 411 589 486 -πλήν
610 411 780 470 Μαντινέων·
802 411 848 470 ἐπὶ
866 411 903 484 δέ,
921 409 937 471 6

135 500 315 574 Μεσσηνίων,
339 499 354 558 6
377 498 448 576 πρός
469 503 508 578 τῷ
528 499 642 578 Ἰσθμῷ·
667 499 787 562 ὕστατος
808 500 844 569 δέ,
869 499 885 560 6
910 504 938 560 ἐν

136 586 266 667 Τανάγρῃ
274 587 344 664 πρός
350 585 515 662 Ἀθηναίους
528 613 558 646 τε
572 589 618 646 καὶ
628 587 770 667 Ἀργείους
782 587 937 668 γενόμενος·

136 673 217 738 οὗτος
230 675 259 733 δὲ
272 674 393 738 ὕστατος
407 675 585 756 κατεργάσθη
598 679 654 736 τῶν
667 677 748 736 πέντε
762 675 881 758 άγιόνων.

177 761 268 826 Οὗτος
281 763 314 839 δή
335 763 399 823 τότε
416 767 493 823 τοῖσι
507 763 635 840 Ἕλλησι
649 763 665 824 6
680 765 844 841 Τισαμενός,
858 763 937 845 άγόν-
948 767 986 824 36

135 877 189 911 των
204 855 258 912 τῶν
277 853 480 930 Σπαρτιητέων,
501 852 663 930 ἐμαντεύετο
681 857 709 912 ἐν
722 857 759 931 τῇ
778 852 938 911 Πλαταιίδι.

135 945 212 1000 τοῖσι
225 941 276 1018 μέν
292 968 340 1002 νυν
350 941 479 1018 Ἕλλησι
499 941 572 1000 καλοὶ
591 941 696 1022 ἐγίνετο
714 941 749 1001 τά
769 941 822 1018 ἱροὶ,
839 940 938 1016 άμυνο-

134 1030 254 1106 μένοισι·
270 1029 389 1106 διαβᾶσι
403 1030 433 1089 δὲ
445 1031 494 1090 τόν
503 1029 636 1090 Ἀσωπόν
650 1031 696 1088 καὶ
705 1029 797 1109 μάχης
812 1029 939 1107 ἄρχουσι,

136 1117 177 1177 οὔ.
220 1118 369 1198 Μαρδονίῳ
386 1118 415 1177 δέ
431 1118 646 1197 προθυμεομένῳ
663 1118 756 1196 μάχης
772 1117 876 1196 ἄρχειν,
891 1115 939 1175 οὐκ
949 1117 986 1178 37

135 1207 265 1283 ἐπιτήδεα
288 1208 392 1288 ἐγίνετο
414 1206 449 1267 τά
473 1207 526 1284 ἱρά·
552 1205 714 1286 α’μυνομένῳ
734 1207 763 1265 δὲ
785 1207 831 1264 καὶ
851 1205 939 1284 τούτῳ

135 1295 218 1354 καλά·
248 1296 294 1354 καὶ
315 1296 370 1378 γάρ
394 1293 473 1358 οὗτος
493 1295 689 1372 Ἑλληνικοῖσι
713 1298 798 1372 ἱροῖσι
820 1295 938 1374 ἐχρέετο,

134 1383 233 1460 μάντιν
251 1385 320 1464 ἔχων
338 1384 576 1466 Ἡγησίστρατον,
598 1383 685 1463 ἄνδρα
705 1383 820 1444 Ἠλεῖόν
841 1409 872 1444 τε
894 1383 939 1442 καὶ

134 1473 374 1534 τοῖνΤελλιαδέων
388 1472 468 1548 ἐόντα
481 1471 684 1553 λογιμώτατον·
698 1472 748 1532 τόν
757 1472 790 1548 δή
804 1472 940 1550 πρότερον

134 1562 238 1622 τούτων
253 1564 426 1640 Σπαρτιῆται
440 1562 579 1638 λαβόντες
596 1562 698 1638 ἔδησαν
712 1562 757 1621 ἐπὶ
775 1562 890 1642 θανάτῳ,
905 1560 940 1624 ὥς

135 1651 305 1714 πεπονθότες
323 1651 421 1710 πολλά
436 1676 467 1710 τε
486 1650 532 1709 καὶ
555 1649 675 1727 οἷνάρσια
693 1649 739 1709 ὑπ’
762 1649 854 1710 αὐτοῦ·
877 1649 894 1710 6
912 1649 941 1708 δὲ

136 1744 165 1800 ἐν
182 1739 271 1819 τούτῳ
288 1743 326 1820 τῷ
349 1743 422 1819 κακῷ
439 1739 578 1818 ἐχόμενος,
598 1737 670 1798 ὥστε
688 1740 792 1816 τρέχων
810 1738 873 1815 περὶ
891 1742 941 1814 τῆς

136 1831 229 1908 ψυχῆς
242 1827 296 1904 πρό
309 1854 340 1887 τε
353 1832 403 1886 τοῦ
421 1827 541 1888 θανάτου
557 1826 729 1903 πεισόμενος
739 1825 836 1884 πολλοί
849 1851 880 1884 τε
894 1826 939 1883 καὶ

135 1917 236 1998 λυγρά,
264 1918 345 1998 ἔργον
372 1914 513 1997 ἐργάσατο
534 1916 619 1991 μέζον
640 1914 737 1997 λόγου·
773 1914 808 1977 κός
829 1913 884 1995 γάρ
906 1913 940 1989 δή

136 2005 244 2065 ἐδέδετο
258 2010 287 2065 ἐν
301 2004 374 2084 ξόλῳ
388 2004 565 2083 σιδηροδέτῳ,
578 2004 783 2083 ἐσενειχθέντος
797 2029 849 2065 κως
862 2001 939 2078 σιδη-

136 2095 197 2171 ρίου
219 2093 365 2172 ἐκράπησε·
394 2092 492 2152 αὐτίκα
516 2093 545 2150 δέ
568 2096 727 2172 ἐμηχανᾶτο
748 2088 941 2166 οἷνδρειότατον

137 2183 219 2264 ἔργον
231 2182 341 2242 πάντων
360 2180 507 2257 τῶνήμεῖς
526 2181 613 2256 ἴδμεν·
635 2177 872 2257 σταθμησάμενος
886 2177 941 2258 γάρ

137 2271 206 2336 ὅκως
223 2270 400 2342 ἐξελεύσεταί
420 2273 447 2329 οἶ
464 2269 497 2329 τό
516 2271 619 2328 λοιπὸν
634 2271 684 2328 τοῦ
704 2267 798 2338 ποδός,
818 2266 942 2344 ἀπέταμε

137 2360 187 2420 τόν
199 2360 305 2438 ταρσόν
321 2363 430 2427 ἑωυτοῦ,
444 2362 532 2418 ταῦτα
550 2357 579 2416 δέ
598 2355 727 2432 ποιήσας,
743 2356 815 2417 ὥστε
830 2361 941 2432 φυλασ-

138 2449 258 2526 σόμενος
273 2447 327 2508 find
350 2446 491 2524 φυλάκων,
510 2445 637 2523 διορύξας
655 2445 704 2506 τόν
723 2449 819 2524 τοῖχον
837 2444 942 2522 ἀπέδρη

139 2541 166 2601 ἐς
194 2537 306 2619 Τεγέην,
333 2537 383 2599 τάς
409 2538 460 2612 μὲν
487 2534 586 2597 νύκτας
617 2533 810 2612 πορευόμενος,
837 2532 887 2594 τάς
913 2531 943 2590 δὲ

138 2624 243 2702 ἡμέρας
265 2625 421 2686 καταδύνων
443 2629 469 2687 ἐς
494 2623 565 2699 ὕλην
588 2623 633 2681 καὶ
655 2621 843 2696 αὐλιζόμενος·
874 2618 943 2678 οὕτω

139 2713 220 2784 ὥστε,
248 2713 471 2791 Λακεδαιμονίων
505 2711 641 2788 πανδημεὶ
676 2710 833 2784 διζημένων,
864 2707 943 2784 τρίτῃ

139 2802 263 2883 εὐφρόνῃ
289 2803 421 2884 γενέσθαι
449 2807 478 2862 ἐν
504 2801 600 2882 Τεγέῃ,
630 2797 694 2860 τούς
724 2797 753 2856 δέ
780 2800 809 2855 ἐν
837 2796 943 2871 θώματι

138 2892 254 2972 μεγάλῳ
270 2892 415 2970 ἐνέχεσθαι
428 2894 478 2966 τῆς
494 2915 524 2948 τε
545 2889 661 2964 τόλμης,
681 2885 811 2962 όρέοντας
831 2882 864 2942 τό
880 2881 944 2959 ήμί-

139 3005 227 3056 τομον
244 2984 294 3039 τοῦ
315 2979 399 3042 ποδός
422 2979 555 3054 κείμενον,
580 2975 704 3034 κάκεῖνον
726 2973 757 3032 οὗ
780 2971 945 3047 δυναμένους

141 3067 237 3145 εὑρεῖν.
279 3068 343 3129 τότε
370 3069 421 3144 μὲν
443 3065 513 3126 οὕτω
535 3063 679 3144 διαφυγόν
701 3057 944 3136 Λακεδαιμονίους,

142 3155 311 3237 καταφεθγει
333 3161 360 3218 ἐς
382 3155 494 3236 Τεγέην,
518 3157 620 3212 ἐοῦσαν
642 3150 692 3210 οὐκ
714 3149 943 3226 ἀρθμίην-Λακε-

142 3246 312 3321 δαιμονίοισι
331 3247 431 3305 τοῦτον
448 3241 499 3303 τόν
516 3240 626 3321 χρόνον·
649 3237 728 3319 όγιής
742 3237 771 3294 δὲ
789 3233 944 3315 γενόμενος,

142 3335 187 3389 καὶ
206 3334 475 3408 προσποιησάμενος
495 3329 607 3396 ξόλινον
626 3325 707 3391 πόδα,
725 3321 892 3394 κατεστήκεε
915 3324 945 3375 ἐκ
