2282 3550
141 147 287 210 ,ιςο-ιιο]
466 128 652 198 nomm.
898 150 945 199 ιιι

140 228 270 289 τούτοισι
281 229 358 286 τοῖσι
370 228 525 304 πολέμοισι
538 229 589 288 έών
603 227 619 288 ἀ
633 229 727 288 Γέλων
737 227 947 305 λαμπρότατος·

139 320 196 376 τῶν
219 316 250 375 δὲ
275 315 352 375 εἶπον
373 316 488 390 πολίων,
510 315 629 376 τουτέων
648 315 726 392 πλήν
747 317 946 394 Συρηκουσέων

142 403 258 482 οὐδεμία
284 405 408 484 πέφευγε
438 403 613 480 δουλοσύνην
642 401 712 482 πρδς
738 403 946 482 Ἱπποκράτεος·

141 493 349 570 Συρηκουσίους
367 491 396 550 δὲ
414 493 562 569 Κορίνθιοί
574 519 605 552 τε
622 493 668 551 καὶ
687 497 854 570 Κερκυραῖοι
871 491 946 570 ε’ρρύ-

141 607 231 640 σαντο
244 579 323 658 μάχη
338 580 513 644 ἑσσωθέντας
527 581 572 640 έπὶ
585 585 703 660 ποταμῷ
714 579 837 660 Ἐλώρῳ.
872 579 947 658 έρρύ-

141 695 231 729 σαντα
253 669 283 728 δὲ
303 665 381 728 οὗτοι
402 669 447 728 ἐπὶ
466 669 563 728 τοῖσδε
582 668 815 740 καταλλάξαντες,
838 669 879 728 ἐπ’
896 667 947 749 ᾧτε

141 756 321 834 Ἱπποκράτεῖ
345 756 511 834 Καμάριναν
536 758 742 835 Συμηκουσίους
766 757 946 834 παραδοῦναι·

143 846 342 924 Συρηκουσέων
355 845 385 904 δὲ
400 843 435 920 ἧν
449 843 601 922 Καμάρινα
613 845 646 905 τδ
662 843 789 925 ἀρχαῖον.
831 844 880 908 Ὡς
899 845 928 904 δὲ
938 850 995 906 155

143 935 188 992 καὶ
201 932 390 1010 Ἱπποκράτεα
402 932 625 1010 τυραννεύσαντα
639 935 689 994 ἶσα
699 936 761 993 ἔτεα
773 938 812 1013 τῷ
821 933 949 1012 ἀδελφεῷ

143 1022 297 1101 Κλεάνδρῳ
321 1022 464 1097 κατέλαβε
487 1021 638 1082 ἀποθανεῖν
662 1021 732 1099 πρδς
754 1022 823 1082 πόλι
841 1020 947 1100 Ὕβλῃ,

143 1110 389 1188 στρατευσάμενον
400 1111 446 1172 ἐπὶ
458 1110 523 1173 τούς
538 1110 679 1180 Σικελούς,
692 1107 762 1170 οὕτω
776 1109 809 1185 δή
825 1108 842 1170 ἀ
855 1111 949 1170 Γέλων

142 1198 268 1280 τῷλόγῳ
282 1199 421 1276 τιμωρέων
434 1202 511 1258 τοῖσι
524 1197 724 1276 Ἱπποκράτεος
737 1198 820 1257 παισὶ
833 1197 947 1257 Εὐκλεί-

143 1288 221 1367 δητε
239 1287 286 1346 καὶ
302 1284 510 1366 Κλεάνδρῳ,ού
526 1287 710 1363 βουλομένων
722 1291 778 1346 τῶν
794 1287 948 1361 πολιητέων

143 1375 287 1452 κατηκόων
308 1377 347 1434 ἔτι
370 1374 446 1445 εἶναι,
468 1379 506 1453 τῷ
523 1377 602 1455 ἔργῳ,
623 1374 658 1437 οἷς
679 1372 851 1452 ἐπεκράτησε
870 1375 948 1454 μάχῃ

142 1469 197 1525 τῶν
215 1462 341 1534 Γελοίων,
359 1462 430 1541 ἦρχε
450 1462 534 1526 αύτδς
555 1462 753 1540 ἀποστερήσας
770 1461 834 1525 τούς
853 1462 947 1523 Ἱππο·

143 1553 260 1630 κράτεος
287 1552 397 1614 παῖδας·
424 1551 495 1629 μετά
522 1551 552 1610 δὲ
578 1555 662 1610 τοῦτο
688 1550 722 1611 τδ
749 1549 863 1628 εὕρημα,
885 1552 950 1616 τούς

142 1641 286 1722 γαμόρους
302 1641 486 1717 καλεομένους
499 1644 554 1700 τῶν
569 1641 764 1717 Συρηκουσέων
781 1639 950 1702 ε’κπεσάντας

142 1729 197 1788 ύπό
211 1755 244 1788 τε
260 1734 310 1788 τοῦ
324 1727 414 1805 δήμου
432 1729 477 1788 καὶ
493 1732 548 1788 τῶν
562 1727 707 1805 σφετέρων
720 1727 826 1788 δούλων
840 1727 948 1808 (καλεο-

142 1819 233 1897 μένων
254 1817 283 1876 δὲ
301 1818 480 1899 Κυλλυρίων)
497 1816 514 1878 ά
535 1817 631 1876 Γέλων
652 1815 816 1897 καταγαγῶν
834 1815 950 1879 τούτους

143 1911 174 1965 ἐκ
196 1907 351 1983 Κασμένης
370 1906 469 1970 πόλιος
490 1912 517 1968 ές
537 1906 588 1969 τάς
610 1905 799 1983 Συρηκούσας,
816 1905 883 1983 ἔσχε
904 1907 950 1965 καὶ

142 1995 256 2058 ταύτας·
286 1993 302 2054 ὁ
325 1994 379 2076 γάρ
402 1995 489 2072 δῆμος
510 1993 529 2054 ἀ
547 1999 602 2054 τῶν
628 1994 824 2072 Συρηκουσέων
846 1993 950 2054 ε’πιάντι

143 2085 251 2143 Γέλωνι
274 2084 423 2160 παραδιδοῖ
443 2083 494 2159 τήν
516 2082 601 2142 πάλιν
623 2083 680 2141 καὶ·
694 2081 801 2142 ἑωυτόν.
843 2080 877 2140 ‘O
900 2083 995 2142 δὲ156

144 2171 208 2231 ἐπεί
223 2198 255 2231 τε
273 2173 421 2249 παρέλαβε
440 2172 490 2235 τάς
509 2170 697 2248 Συρηκούσας,
716 2171 806 2246 Γέλης
824 2172 875 2246 μέν
893 2176 949 2230 ε’πι-

144 2261 267 2338 κρατέων
291 2259 378 2342 λόγον
400 2260 517 2320 ε’λάσσω
540 2260 670 2330 ἐποιέετο,
694 2260 843 2337 ἐπιτρέψας
865 2257 951 2336 αύτήν

142 2349 248 2426 Ἱέρωνι
261 2349 391 2428 ἀδελφεῷ
405 2352 516 2408 ἑωυτοῦ·
537 2347 553 2408 ἀ
567 2348 596 2407 δὲ
609 2345 660 2410 τάς
679 2347 859 2426 Συρηκούσας
873 2347 949 2426 ἐκρά-

143 2463 217 2509 τυνε,
229 2438 275 2496 καὶ
288 2437 363 2512 ἦσαν
376 2435 487 2497 ἅπαντά
502 2440 529 2496 οἱ
543 2436 729 2514 Συρήκουσαι.
761 2439 790 2496 αἱ
804 2437 833 2496 δὲ
846 2463 949 2514 παραυ·

142 2527 208 2585 τίκα
222 2525 276 2586 ἀνά
288 2525 312 2586 τ’
326 2526 445 2603 ἔδραμον
459 2527 505 2585 καὶ
521 2524 711 2602 ἀνέβλασπον·
732 2529 814 2586 τοῦτο
832 2528 883 2602 μὲν
895 2525 949 2606 γάρ

145 2615 356 2692 Καμαριναίους
376 2613 499 2678 ἅπαντας
520 2619 547 2678 ές
566 2612 617 2677 τάς
638 2613 818 2690 Συρηκούσας
838 2612 950 2694 ἀγαγιδν

143 2701 285 2778 πολιήτας
298 2703 422 2778 ε’ποίησε,
434 2702 599 2780 Καμαρίνης
613 2702 642 2761 δὲ
655 2701 689 2762 τά
700 2700 772 2762 ἄστυ
781 2701 949 2779 κατέσκαψε·

144 2796 230 2851 τοῦτο
254 2791 284 2850 δὲ
311 2790 428 2851 Γελοίων
450 2787 639 2868 ὑπερημίσεας
665 2795 720 2850 τῶν
746 2789 840 2849 ἀστῶν
862 2787 950 2849 τύυτά

144 2884 224 2939 τοῖσι
243 2881 464 2957 Καμαριναίοισι
482 2879 608 2954 ε’ποίησε·
630 2879 778 2959 Μεγαρέας
795 2901 826 2936 τε
841 2875 906 2938 τούς
922 2881 951 2936 έν

145 2968 271 3047 Σικελίῃ,
291 2966 327 3031 ὦς
344 2967 573 3046 πολιορκεόμενοι
591 2972 618 3030 ές
636 2965 791 3046 ὁμολογίην
807 2963 951 3043 προσεχού-

146 3081 248 3134 ρησαν,
261 3054 326 3118 τούς
338 3057 390 3133 μὲν
404 3055 493 3117 αὐτῶν
505 3055 620 3134 παχέας,
634 3053 811 3129 ἀειραμένους
823 3077 854 3110 τε
867 3051 951 3111 πόλε-

145 3169 200 3222 μον
214 3141 288 3223 m'mfs
303 3145 349 3203 καὶ
365 3144 588 3221 προσδοκέοντας
606 3139 780 3198 ἀπολέεσθαι
799 3137 844 3195 διά
858 3141 950 3205 τοῦτο,

146 3232 223 3312 ἄγων
241 3236 270 3296 ἐς
286 3231 337 3295 τὰς
357 3229 537 3308 Συρηκούσας
554 3225 691 3298 πολιήτας
707 3223 832 3300 ἐποίησε·
852 3221 902 3280 τάν
921 3221 951 3278 δὲ

146 3322 238 3398 δῆμον
250 3325 307 3379 τῶν
321 3319 482 3400 Μεγαρέων,
497 3313 545 3372 ούκ
560 3311 640 3370 ε’όντα
652 3308 792 3381 μεταίτιον
805 3311 855 3366 τοῦ
868 3306 950 3363 πολέ-
