2276 3554
149 116 293 183 135-138]
462 111 646 168 HOA‘I'MNIAss
905 117 952 170 173

147 198 264 274 Μήδων,
287 200 413 278 ἔπεμψαν
433 199 520 276 ήμέας
541 199 757 277 Λακεδαιμόνιοι
775 197 836 258 ἀντὶ
850 202 905 260 τῶν
924 203 954 259 ἐν

148 286 268 365 Σπάρτῃ
281 286 463 364 ἀπολομένων
477 287 608 366 κηρύκων,
621 288 721 364 ποινήν
739 287 847 348 ἐκείνων
859 288 954 347 τίσον·

146 374 223 438 τας·”
252 375 371 456 λέγουσι
384 376 413 434 δὲ
427 375 537 436 αύτοῖσι
549 380 638 436 ταῦτα
648 377 753 453 Ξέρξης
763 375 818 436 ύπὸ
830 380 952 456 μεγαλο-

147 462 295 540 φροσύνης
311 462 361 522 ούκ
377 465 432 540 ἔφη
447 463 543 542 ὁμοῖος
561 465 678 525 ἔσεσθαι
696 464 951 540 Λακεδαιμονίοισι·

147 552 254 614 κείνους
261 554 313 627 μέν
320 551 376 632 γάρ
386 553 507 634 συγχέαι
514 551 550 612 τό
559 551 669 613 πάντων
677 549 827 630 α’νθριόπων
837 551 951 629 νόμιμα,

146 638 364 702 ἀποκτείναντας
383 640 511 717 κήρυκας·
540 639 623 704 αύτός
644 640 673 700 δέ
694 640 729 700 τά
756 641 871 700 κείνοισι
894 645 951 699 ἐπι-

147 727 278 802 πλήσσει
295 731 384 788 ταῦτα
394 727 427 788 ού
438 726 576 804 ποιήσειν,
591 727 647 788 οὐδ’
658 727 872 789 ἀνταποκτείνας
885 729 950 786 ἐκεί-

147 841 219 886 νους,
237 813 394 876 ἀπολύσειν
413 817 647 893 Λακεδαιμονίους
662 820 712 892 τῆς
729 815 825 892 αἰτίης.
850 814 930 874 Οὕτω
941 816 996 875 137

146 903 166 978 ή
186 904 353 980 Ταλθυβίου
374 908 464 981 μῆνις,
486 905 532 963 καὶ
552 907 640 963 ταῦτα
662 903 838 980 ποιησάντων
858 904 951 980 Σπαρ-

147 992 271 1067 τιητέων,
294 992 437 1053 ἐπαύσατο
460 991 493 1052 τό
519 993 683 1069 παραυτίκα,
712 992 810 1070 καίπερ
831 989 951 1050 ἀπονοσ-

147 1078 295 1154 τησάντων
318 1085 346 1144 ἐς
370 1079 502 1158 Σπάρτην
529 1079 669 1157 Σπερθίεώ
695 1106 726 1140 τε
749 1079 795 1138 καὶ
822 1077 951 1141 Βούλιος·

147 1166 240 1247 χρόνῳ
266 1168 297 1227 δέ
321 1169 471 1245 μετέπειτα
497 1172 597 1247 πολλῷ
624 1169 772 1250 ἐπηγέρθη,
799 1166 870 1226 κατὰ
899 1165 950 1226 τόν

149 1257 388 1332 Πελοποννησίων
404 1257 450 1315 καὶ
463 1255 616 1332 Ἀθηναίων
634 1256 769 1332 πόλεμον,
784 1254 820 1320 ὥς
832 1255 950 1336 λέγουσι

148 1343 372 1421 Λακεδαιμόνιοι.
414 1343 497 1404 τοῦτό
516 1370 566 1421 μοι
584 1349 613 1404 ἐν
630 1349 706 1404 τοῖσι
725 1343 867 1404 θειότατον
885 1344 950 1420 φαί-

148 1457 225 1491 νεται
237 1432 379 1512 γενέσθαι.
416 1431 459 1492 ὅτι
471 1432 587 1510 μὲνγὰρ
601 1433 760 1510 κατέσκηψε
773 1437 801 1495 ἐς
814 1430 951 1514 ἀγγέλους

148 1519 166 1594 ἦ
187 1519 354 1596 Ταλθυβίου
373 1524 463 1597 μῆνις,
483 1519 545 1580 οὐδὲ
562 1519 704 1580 ἐπαύσατο
720 1521 785 1598 πρὶν
802 1519 821 1596 ή
840 1520 948 1596 ἐξῆλθε,

147 1607 181 1668 τό
202 1608 310 1668 δίκαιον
331 1607 402 1668 οὕτω
424 1609 515 1686 ἔφερε·
546 1608 580 1668 τό
602 1609 631 1667 δὲ
655 1611 811 1684 συμπεσεῖν
833 1613 861 1671 ἐς
884 1607 949 1670 τούς

148 1695 250 1759 παῖδας
275 1699 330 1756 τῶν
356 1694 461 1773 α’νδρῶν
483 1695 587 1756 τούτων
612 1701 666 1757 τῶν
690 1696 853 1774 ἀναβάντων
879 1695 950 1772 πρός

147 1785 277 1859 βασιλέα
293 1783 337 1843 διὰ
354 1784 406 1860 τήν
423 1788 514 1860 μῆνιν,
529 1789 557 1848 ἐς
575 1784 703 1846 Νικόλαν
715 1813 746 1846 τε
758 1786 808 1846 τόν
822 1785 948 1854 Βούλιος,

148 1873 195 1932 καὶ
209 1877 237 1935 ἐς
250 1871 417 1949 Ἀνήριστον
434 1872 484 1933 τόν
500 1869 649 1951 Σπερθίεω,
663 1873 694 1937 ὃς
707 1874 765 1933 εἷλε
778 1873 873 1936 ἁλιέας
885 1870 950 1936 τούς

148 1965 179 2018 ἐκ
205 1960 347 2037 Τίρυνθος,
371 1959 471 2020 ὁλκάδι
492 1961 679 2024 καταπλώσας
706 1961 808 2040 πλήρεϊ
834 1961 949 2038 οἷνδρῶν·

148 2048 237 2124 δῆλον
258 2046 295 2107 ὧν
314 2073 364 2124 μοι
384 2047 427 2108 ὅτι
448 2049 523 2109 θεῖον
541 2050 649 2130 ἐγένετο
664 2049 697 2109 τό
716 2055 833 2131 πρῆγμα
850 2055 880 2108 ἐκ
899 2052 951 2125 τῆς

148 2134 256 2213 μήνιος·
292 2139 318 2195 οἱ
344 2134 407 2217 γὰρ,
435 2137 610 2214 πεμφθέντες
642 2137 697 2197 ύπό
727 2137 950 2214 Λακεδαιμονίων

147 2222 267 2306 ἄγγελοι
281 2228 309 2286 ἐς
321 2223 373 2299 τὴν
385 2223 494 2301 Ἀσίην,
504 2225 685 2300 προδοθέντες
698 2225 728 2284 δέ
741 2225 795 2284 ύπό
807 2225 950 2290 Σιτάλκεω

146 2316 198 2371 τοῦ
211 2310 307 2389 Τήρεω
321 2313 447 2388 Θρηίκων
464 2313 612 2389 βασιλέος,
627 2313 673 2371 καὶ
691 2312 886 2391 Νυμφοδώρου
899 2317 952 2372 τοΐ

148 2399 251 2460 Πύθεω
272 2398 370 2476 ἀνδρός
387 2399 569 2478 Ἀβδηρίτεω,
583 2401 699 2477 ἥλωσαν
717 2401 787 2461 κατά
804 2401 950 2477 Βισάνθην

147 2487 200 2564 τήν
213 2493 243 2548 ἐν
254 2487 466 2568 Ἑλλησπόντῳ,
480 2490 525 2548 καὶ
538 2488 710 2568 ἀπαχθέντες
720 2494 747 2552 ἐς
757 2489 808 2566 τήν
821 2488 951 2564 Ἀττικήν

148 2574 205 2634 άπέ
222 2602 289 2636 ανον
306 2575 361 2636 ιῖπδ
377 2575 540 2654 Ἀθηναίων·
560 2577 632 2654 μετὰ
652 2577 681 2636 δὲ
702 2577 791 2638 αύτῶν
812 2578 858 2636 καὶ
873 2576 948 2655 Ἀρι-

148 2665 233 2728 στέας
244 2664 260 2725 ό
273 2664 462 2742 Ἀδειμάντου,
477 2667 625 2744 Κορίνθιος
635 2665 715 2743 ἅιήρ·
736 2669 824 2726 ταῦτα
836 2666 888 2744 μέν
901 2692 950 2726 νυν

147 2756 287 2812 πολλοῖσι
298 2755 371 2812 ἔτεσι
381 2752 499 2832 ὕστερον
508 2755 616 2835 ἐγένετο
624 2759 674 2815 τοῦ
684 2755 823 2830 βασιλέος
833 2753 950 2815 στόλου·

148 2839 276 2917 ἐπάνειμι
290 2841 319 2900 δέ
333 2842 379 2900 ἐπὶ
391 2843 440 2902 τόν
453 2842 588 2920 πρότερον
602 2843 699 2924 λόγον.
974 2877 977 2884 ’

189 2927 226 2986 Ἡ
241 2928 271 2987 δέ
285 2930 513 3006 στρατηλασίηή
527 2933 667 3008 βασιλέος
684 2929 788 3008 ούνομα
806 2933 856 3008 μὲν
871 2931 928 3011 εἶχε
938 2937 974 2996 13

147 3015 185 3078 αἷς
206 3015 249 3074 ἐπ’
270 3015 390 3092 Ἀθήνας
411 3018 528 3090 ἐλαύνει,
551 3020 660 3078 κατίετο
685 3019 714 3078 δὲ
733 3024 761 3081 ἐς
781 3023 878 3079 πᾶσαν
898 3021 951 3096 τήν

146 3103 285 3163 Ἑλλάδα·
316 3106 517 3182 πυνθανόμενοι
542 3107 572 3166 δὲ
594 3111 683 3166 ταῦτα
708 3106 764 3181 πρὸ
787 3109 898 3163 πολλοῦ
922 3109 950 3163 οἶ

145 3186 292 3267 Έλληνες,
314 3191 363 3252 ούκ
385 3198 414 3253 ἐν
434 3193 520 3272 ὁμοίῳ
541 3193 642 3254 πάντες
669 3193 819 3249 ἐποιεῦντο·
851 3192 877 3246 οἱ
900 3193 952 3263 μὲν

147 3278 205 3360 γὰρ
224 3279 316 3341 αύτῶν
335 3280 428 3344 δόντες
444 3284 498 3361 γῆν
514 3305 545 3339 τε
564 3279 609 3335 καὶ
626 3275 697 3349 ὕδωρ
710 3277 748 3347 τῷ
761 3272 861 3345 Πέρση
876 3273 952 3346 εἶχον

158 3369 260 3418 ῙῙ.-14
