2282 3550
168 144 309 208 ιιι-ιιι]
504 145 656 195 omum.
685 145 687 149 ’
920 147 967 197 ιιι

166 225 269 303 άνδρου
284 225 339 307 γάρ
358 224 500 301 ἀδελφεήν
518 227 649 306 Γυγαίην,
670 224 811 301 Ἀμύντεω
832 225 862 285 δὲ
884 225 967 307 θυγα-

165 315 242 391 τέρα,
277 313 426 390 Βουβάρης
452 312 522 389 ἀνήρ
556 313 671 390 Πέρσης
701 314 777 392 ἑσχε,
808 317 838 373 ἑκ
864 317 915 390 τῆς
941 315 969 374 ol

167 401 293 482 ἐγεγόνεε
312 400 451 478 Ἀμύντης
470 401 486 462 ά
507 406 536 461 ἐν
556 405 591 479 τῇ
611 401 703 480 Ἀσίῃ,
719 403 788 480 έχων
807 401 840 462 τό
862 400 967 479 οὕνομα

166 494 216 549 τοῦ
231 489 452 567 μητροπάτορος·
472 493 511 568 τῷ
528 488 563 565 δή
580 495 609 549 ἑκ
627 490 767 565 βασιλέος
784 493 835 566 τῆς
847 491 968 572 Φρυγίης

167 577 250 654 ε’δόθη
266 576 433 654 Ἀλάβανδα
453 577 537 640 πόλις
552 577 664 658 μεγάλη
683 578 838 658 νέμεσθαι)
858 577 918 655 ἅμα
937 578 968 638 δὲ

166 665 183 725 ό
197 665 363 742 Μαρδόνιος,
374 664 530 742 πυθόμενος
542 664 586 725 ὅτι
598 664 731 742 πρόξενός
740 691 771 725 τε
780 666 821 742 εἴη
836 667 881 724 καὶ
895 665 968 744 εῦερ-

166 754 248 833 γε’της
267 753 283 813 ά
298 753 490 830 Ἀλέξανδρος,
510 754 625 831 ἔπεμπε·
645 753 711 816 τοῦς
729 753 785 834 γάρ
803 754 968 829 Ἀθηναίους

166 839 237 900 οῦτω
255 841 347 901 ε’δόκεε
364 841 492 918 μάλιστα
509 840 750 918 προσκτήσεσθαι,
767 841 839 900 λεών
851 867 882 901 τε
895 846 965 901 πολ-

166 929 219 988 λόν
235 927 290 1006 άρα
307 928 414 989 άκοόων
430 929 499 989 εἶναι
519 930 564 988 καὶ
580 928 709 1006 άλκιμον,
723 929 759 989 τό
778 955 808 989 τε
830 929 900 990 κατά
915 929 968 1005 τήν

167 1015 319 1076 θάλασσαν
345 1017 519 1095 συντυχόντα
543 1023 599 1092 σφι
620 1017 773 1094 παθήματα
795 1043 967 1098 κατεργασα-

166 1105 264 1178 μένους
289 1104 417 1181 μάλιστα
442 1105 606 1182 Ἀθηναίους
629 1105 773 1169 ἐπίστατο·
806 1105 911 1165 τούτων
937 1106 967 1166 δὲ

166 1193 405 1272 προσγενομένων,
426 1191 579 1269 κατήλπιζε
600 1192 731 1256 εὐπετέως
750 1197 800 1268 τῆς
817 1193 967 1270 θαλάσσης

167 1279 324 1355 κρατήσειν,
338 1279 426 1358 τάπερ
442 1278 477 1340 άν
495 1283 541 1339 καὶ
560 1279 604 1356 ἦν·
625 1282 696 1360 πεζῇ
708 1306 739 1340 τε
753 1280 844 1341 ε’δόκεε
856 1283 968 1342 πολλόν

167 1367 236 1426 εἶναι
252 1369 389 1446 κρέσσων·
415 1368 486 1428 οὕτω
503 1395 535 1428 τε
555 1369 697 1450 ἐλογίζετο
711 1369 867 1447 κατύπερθέ
885 1373 913 1430 οἶ
929 1371 965 1430 τά

166 1456 318 1536 πρήγματα
338 1457 455 1517 ἔσεσθαι
475 1456 542 1538 [τῶν
558 1456 752 1539 Ἑλληνικῶν]
793 1457 867 1538 τάχα
888 1457 911 1518 δ’
931 1457 965 1519 ἂν

167 1544 213 1602 καὶ
233 1545 270 1604 τά
288 1545 449 1624 χρηστήρια
467 1544 555 1605 ταῦτά
574 1547 602 1604 οἱ
621 1545 765 1627 προλέγοι,
788 1547 966 1624 συμβουλεῦ-

166 1657 234 1690 οντα
250 1633 403 1711 σύμμαχον
420 1633 453 1692 τὰ
471 1631 621 1709 Ἀθηναῖον
641 1637 668 1693 οἱ
682 1633 868 1710 ποιήσασθαι·
888 1639 964 1695 τοῖσι

167 1718 201 1794 δή
214 1719 376 1794 πειθόμενος
390 1721 504 1796 ἔπεμπε.

207 1805 263 1860 Τοῦ
289 1801 319 1859 δὲ
344 1800 529 1880 Ἀλεξάνδρου
555 1801 655 1862 τοῦτον
681 1802 803 1879 ἕβδομος
828 1801 1013 1883 γενέτωρ137

167 1888 322 1965 Περδίκκης
342 1889 412 1958 ε’στὶ,
431 1888 446 1948 ὁ
467 1887 640 1966 κτησάμενος
656 1894 712 1950 τῦν
730 1889 898 1949 Μακεδόνων
915 1889 967 1966 τήν

166 1976 313 2053 τυραννιδα
325 1975 419 2055 τρόπῳ
428 1976 532 2056 τοιῷδε·
547 1974 703 2059 ἑξἈργεος
717 1979 822 2059 ἔφυγον
835 1981 861 2040 ἐς
873 1975 965 2036 Ἰλλυ-

166 2063 303 2139 ριοῦςτῶν
310 2069 437 2141 Τημενοῦ
447 2063 592 2146 άπογόνων
604 2069 678 2143 τρεῖς
688 2065 830 2141 ἀδελφεοὶ,
842 2064 966 2141 Γαυάνης

166 2177 197 2210 τε
218 2153 265 2210 καὶ
289 2151 425 2228 Ἀέροπος
446 2155 492 2212 καὶ
514 2153 677 2229 Περδίκκης·
713 2159 743 2213 ἑκ
769 2154 799 2213 δὲ
820 2153 966 2231 Ἰλλυριῶν

165 2239 375 2317 ὑπερβαλόντες
396 2247 423 2305 ές
438 2240 489 2317 τήν
506 2240 560 2302 ἅνω
581 2242 764 2318 Μακεδονίην,
785 2241 918 2302 ἀπίκοντο
939 2248 966 2306 ές

166 2329 294 2404 Λεβαίην
303 2329 397 2390 πόλιν·
411 2330 531 2390 ε’νθαῦτα
544 2330 573 2389 δὲ
586 2329 716 2406 ἐθήτευον
730 2331 775 2390 ε’πὶ
787 2332 880 2411 μισθῷ
889 2333 966 2408 παρά

166 2419 205 2495 τῷ
225 2417 354 2492 βασιλέϊ,
372 2418 388 2479 ό
409 2421 461 2495 μὲν
483 2418 584 2482 ἵππους
604 2418 731 2495 νέμων,ό
753 2419 783 2479 δὲ
800 2421 880 2495 βοῦς,
898 2419 914 2480 ό
936 2419 966 2479 δὲ

167 2503 301 2569 νεότατος
313 2505 403 2567 αθτιῦν
418 2506 573 2583 Περδίκκης
585 2507 620 2566 τά
634 2508 724 2566 λεπτοὶ
737 2512 793 2568 τῶν
803 2505 964 2584 προβάτων·

166 2591 241 2667 ἦσαν
256 2593 334 2654 δὲτὰ
351 2594 441 2653 πάλαι
459 2597 505 2654 καὶ
523 2597 553 2654 αἱ
567 2595 722 2672 τυραννίδες
739 2599 795 2654 τῶν
814 2593 966 2670 άνθράπων

166 2678 297 2745 άσθενέες
317 2681 453 2760 χρήμασι,
476 2681 508 2742 οῦ
529 2686 632 2759 μοῦνον
653 2681 669 2742 ὁ
693 2682 789 2758 δῆμος·
814 2680 879 2757 ήδὲ
895 2683 965 2760 γυνή

165 2772 216 2828 τοῦ
234 2771 374 2846 βασιλέος
390 2769 459 2846 αὐτή
476 2770 512 2830 τά
532 2772 609 2830 σιτία
629 2777 685 2846 σφι
706 2771 818 2828 ἔπεσσε·
847 2767 916 2832 ὅκως
935 2770 965 2828 δὲ

166 2854 275 2936 όπτῷτο
295 2857 311 2918 ὁ
332 2857 415 2936 άρτος
434 2862 484 2918 τοῦ
504 2858 604 2921 παιδός
623 2862 672 2918 τοῦ
694 2857 776 2927 θητός
797 2857 963 2934 Περδίκκεω,

166 2943 316 3021 διπλήσιος
334 2947 439 3027 ε’γίνετο
457 2946 540 3010 αὐτός
558 2949 669 3006 ἑωυτοῦ·
691 2946 750 3004 ἐπεὶ
763 2945 792 3004 δὲ
806 2946 860 3005 αἰεὶ
877 2944 964 3006 τάυτδ

166 3035 249 3092 τοῦτο
262 3035 375 3115 ε’γίνετο,
391 3034 451 3093 εἶπε
468 3034 539 3111 πρός
554 3034 602 3094 τόν
621 3033 706 3110 ἄνδρα
722 3033 772 3094 τόν
786 3037 894 3110 ἑωυτῆς·
915 3034 964 3094 τόν

166 3119 196 3179 δέ
207 3118 367 3182 α’κοόσαντα
385 3123 492 3197 ε’σῆλθε
505 3121 611 3191 αὐτίκα,
625 3120 661 3184 είς
675 3122 716 3196 εἴη
729 3121 811 3197 τέρας
824 3121 869 3179 καὶ
883 3121 964 3197 φέροι

166 3212 193 3270 ές
210 3210 285 3290 μέγα
296 3235 334 3270 τι·
356 3211 479 3272 καλέσας
492 3210 522 3268 δὲ
535 3210 599 3272 τοῦς
613 3209 706 3283 θῆτας,
720 3207 892 3288 προηγόρευέ
908 3213 965 3281 σφι

166 3295 408 3356 α’παλλάσσεσθαι
418 3302 448 3356 ἐκ
461 3300 513 3376 γῆς
524 3299 574 3370 τῆς
587 3297 697 3354 ἑωυτοῦ·
719 3297 745 3353 οἱ
759 3294 789 3352 δὲ
802 3293 851 3353 τόν
859 3293 965 3370 μισθδν
