2276 3554
140 171 284 235 110-113]
482 169 595 220 υυιτο,
896 166 943 214 ιω

140 251 224 310 λέων·
245 253 400 310 τελευταῖοι
413 249 442 308 δέ
457 249 621 318 ἐτάσσοντο,
637 248 746 326 ἔχοντες
758 244 793 306 τό
807 243 945 321 εύιίνυμον

142 339 233 415 κέρας,
248 340 414 400 Πλαταιέες.
456 336 513 397 ἇπό
526 337 629 412 ταύτης
641 335 696 416 γύρ
710 340 768 409 σφι
780 338 831 410 τῆς
843 333 945 412 μάχης,

142 427 243 489 θυσίας
256 425 409 506 Ἀθηναίων
426 425 584 506 ἀναγόντων
603 424 648 483 καὶ
665 421 835 503 πανηγύραις
853 423 903 484 τὰς
916 426 945 480 ἐν

140 519 211 593 τῇσι
231 515 409 590 πεντετηρίσι
431 515 585 594 γινομένας,
607 511 768 590 κατεύχεται
788 510 804 570 ὁ
827 508 946 588 κήρυέό

140 601 292 677 Ἀθηναῖος
311 601 370 679 ἅμα
389 629 421 662 τε
441 601 617 678 Ἀθηναίοισι
632 601 746 681 (λέγων)
762 599 892 679 γίνεσθαι
910 596 947 658 τὰ

141 689 238 769 ἇγαθό
261 689 306 747 καὶ
326 694 515 749 Πλαταιεῦσι.
556 679 620 748 τόέε
641 688 671 747 δέ
690 688 874 763 τασσομένων
891 689 947 746 τῶν

140 777 298 853 Ἀθηναίων
318 783 347 838 ἐν
366 782 405 857 τῷ
425 779 588 856 Μαραθῶνι,
607 778 711 858 ἐγίνετο
729 774 836 835 τοιόνδε
852 801 889 834 τι·
913 774 947 834 τό

142 866 337 943 στρατόπεδον
362 867 541 944 ἐξισούμενον
564 870 602 945 τῷ
623 865 739 944 Μηδικῷ
758 864 946 943 στρατοπέδῳ,

141 955 177 1014 τό
194 957 247 1030 μὲν
262 953 349 1014 αύτοῦ
365 956 456 1032 μέσον
476 956 583 1036 ἐγίνετο
600 955 645 1014 ἐπὶ
665 953 761 1023 τάξιας
780 952 886 1033 ὀλίγος,
901 952 947 1010 καὶ

141 1042 232 1120 ταύτῃ
245 1040 280 1117 ἦν
294 1041 503 1103 ἀσθενέστατον
516 1042 549 1102 τό
563 1041 763 1119 στρατόπεδον·
780 1040 813 1100 τό
827 1040 857 1099 δὲ
868 1041 948 1117 κέρας

143 1129 276 1206 ἐκότερον
286 1132 388 1207 ἔρρωτο
401 1131 514 1207 πλήθεϊ.
542 1131 590 1194 Ὡς
599 1131 631 1190 δέ
642 1135 699 1204 σφι
713 1129 869 1188 διετέτακτο
883 1127 929 1186 καὶ
939 1129 994 1186 112

142 1219 181 1277 τό
199 1217 314 1298 σφιίγια
330 1220 436 1298 ἐγίνετο
455 1218 537 1288 καλό,
553 1220 671 1279 ἐνθαῦτα
689 1217 726 1280 ὥς
743 1217 901 1292 ἀπείθησαν
921 1219 948 1275 οἱ

142 1303 298 1382 Ἀθηναῖοι,
313 1307 405 1386 δρόμῳ
423 1307 495 1367 ἵεντο
510 1313 537 1370 ἐς
549 1307 614 1370 τούς
631 1306 806 1383 βαρβάρους·
826 1303 901 1381 ἦσαν
919 1304 949 1364 δὲ

142 1394 257 1454 στάδιοι
270 1393 320 1453 ούκ
339 1395 495 1459 ἐλάσσονες
507 1395 541 1455 τό
553 1395 719 1474 μεταίχμιον
731 1393 822 1453 αὐτῶν
834 1391 852 1470 ἢ
866 1391 948 1453 όκτιύ·

144 1484 174 1541 οἱ
192 1482 223 1542 δέ
240 1483 352 1559 Πέρσαι
370 1481 500 1559 ὁρέοντες
518 1483 611 1564 δρόμῳ
632 1482 759 1544 ἐπιόντας
778 1480 948 1559 παρεσκευά-

143 1571 228 1642 ζοντο
244 1571 286 1634 ’ὥς
307 1570 457 1648 δεξόμενοι·
486 1573 587 1648 μανίην
613 1598 645 1631 τε
671 1574 748 1631 τοῖσι
773 1569 949 1646 Ἀθηναίοισι

144 1660 285 1734 ἐπέφερον
299 1660 344 1717 καὶ
363 1659 458 1741 πάγχυ
476 1660 615 1737 ὀλεθρίην,
629 1659 759 1737 όρέωντες
776 1657 876 1720 αύτούς
889 1657 946 1717 ὄλί·

142 1773 220 1828 γους,
243 1748 289 1805 καὶ
309 1746 422 1810 τούτους
442 1747 535 1827 δρόμῳ
556 1748 758 1828 ἐπειγομένους,
778 1745 841 1806 ούτε
862 1746 949 1805 ἵππου

142 1834 329 1912 ύπαρχούσης
347 1841 404 1909 σφι
421 1835 483 1894 οὔτε
500 1835 685 1913 τοξευμάτων.
726 1838 814 1894 ταῦτα
831 1835 883 1911 μέν
899 1860 948 1894 νυν

144 1926 174 1982 οἶ
186 1924 334 1999 βάρβαροι
352 1925 522 1994 κατείκαζον·
536 1924 679 2000 Ἀθηναῖοι
693 1923 722 1982 δέ
736 1924 798 1982 ἐπεί
807 1948 838 1982 τε
852 1921 949 2000 ἀθρόοι

143 2011 321 2088 προσέμιξαν
330 2015 406 2069 τοῖσι
416 2011 602 2089 βαρβόροισι,
613 2011 751 2090 ἐμάχοντο
759 2009 842 2080 όξίως
849 2009 949 2091 λόγου·

146 2103 254 2176 πρῶτοι
270 2101 322 2175 μὲν
337 2098 393 2179 γαρ
406 2098 552 2175 Ἑλλήνων
567 2099 686 2168 πόντων,
700 2102 755 2158 τῶν
770 2099 850 2175 ἡμεῖς
863 2099 949 2175 ἴδμεν,

145 2186 240 2264 δρόμῳ
254 2190 282 2248 ἐς
294 2188 446 2262 πολεμίους
456 2187 621 2265 ἐχρήσαντο,
636 2191 740 2264 πρῶτοι
754 2187 783 2246 δέ
796 2186 949 2265 ἀνέσχοντο

145 2275 256 2350 ἐσθῆτά
269 2301 301 2334 τε
314 2274 445 2350 Μηδικήν
460 2275 588 2351 ὁρέωντες
601 2276 648 2334 καὶ
661 2275 725 2338 τούς
738 2274 838 2353 ἄνδρας
847 2275 950 2352 ταύτην

146 2363 328 2439 ἐσθημένους·
344 2363 411 2425 τέως
425 2362 454 2422 δέ
467 2362 502 2439 ἦν
515 2367 592 2424 τοῖσι
600 2363 729 2440 Ἕλλησι
740 2364 785 2422 καὶ
798 2363 830 2423 τό
846 2362 950 2439 οὔνομα

145 2450 180 2510 τό
198 2450 305 2525 Μήδων
323 2450 417 2526 φόβος
433 2449 562 2510 όκοῦσαι.
605 2453 781 2530 Μαχομένων
798 2451 827 2511 δέ
846 2457 874 2514 ἐν
892 2453 995 2531 τῷλλδ

146 2540 304 2616 Μαραθῶνι
316 2537 416 2616 χρόνος
434 2540 538 2620 ἐγίνετο
550 2539 669 2602 πολλός·
691 2540 737 2601 καὶ
749 2538 782 2600 τό
795 2542 847 2616 μὲν
860 2541 950 2616 μέσον

146 2631 197 2686 τοῦ
216 2626 409 2704 στρατοπέδου
428 2628 522 2688 ἐνίκων
549 2632 577 2687 οἱ
603 2628 756 2705 βάρβαροι,
778 2631 814 2707 τῇ
839 2629 950 2704 Πέρσαι

146 2740 178 2774 τε
200 2713 281 2774 αὐτοὶ
302 2715 348 2772 καὶ
369 2715 459 2778 Σάκαι
483 2715 643 2794 ἐτετάχατο·
664 2715 736 2776 κατὰ
747 2721 831 2776 τοῦτο
845 2718 897 2794 μὲν
915 2715 949 2791 δή

147 2803 242 2862 ἐνίκων
267 2805 294 2861 οἱ
314 2803 468 2880 βόρβοροι,
494 2805 539 2864 καὶ
559 2806 691 2882 ῥήξαντες
714 2805 825 2865 ἐδίωκον
848 2809 876 2869 ἐς
898 2803 950 2879 τήν

147 2890 315 2971 μεσόγαιαν·
336 2891 368 2950 τό
390 2891 419 2950 δέ
439 2893 520 2968 κέρας
541 2893 669 2970 ἑκάτερον
691 2893 785 2954 ἐνίκων
805 2892 952 2968 Ἀθηναῖοί

147 3003 179 3038 τε
206 2980 253 3037 καὶ
280 2980 444 3053 Πλαταιέες,
469 2985 596 3044 νικῶντες
613 2982 651 3051 δέ,
672 2981 705 3041 τό
729 2983 780 3058 μὲν
797 2981 949 3058 τετραμμέ-

149 3092 197 3126 νον
210 3067 436 3144 τῶνβαρβάρων
449 3067 564 3149 φεύγειν
584 3070 642 3138 ἔων,
663 3073 739 3128 τοῖσι
759 3068 789 3125 δὲ
808 3069 840 3127 τό
860 3069 950 3142 μέσον

148 3155 254 3230 ῥήξασι
282 3154 371 3214 αὐτῶν
400 3156 606 3236 συναγαγόντες
631 3156 667 3215 τό
696 3156 776 3230 κέρεα
802 3153 949 3228 ἀμφότερα

149 3241 299 3321 έμόχοντο·
321 3243 366 3300 καὶ
387 3244 480 3303 ἐνίκων
499 3242 651 3317 Ἀθηναῖοι·
669 3240 809 3318 φεύγουσι
827 3237 856 3295 δὲ
873 3239 950 3295 τοῖσι

151 3324 285 3398 Πέρσῃσι
304 3323 414 3384 εἵποντο
428 3323 585 3390 κόπτοντες,
605 3326 632 3382 ἐς
645 3320 661 3378 δ
675 3320 720 3376 ἐπὶ
733 3317 785 3390 τήν
797 3316 950 3376 θάλασσαν
