2258 3568
183 147 213 192 ιι
487 139 671 188 Ἦνοιοαοι
935 138 974 203 [υ

178 222 298 283 κατὰτὰ
312 219 486 296 συνεθήκατο
499 223 537 298 τῷ
550 219 718 296 ὑπασπιστῇ
732 220 807 278 παίει
821 220 985 296 προσφερό-

314 309 353 330 ’ἱ
419 307 474 330 λ’

175 338 260 389 μενον
288 336 371 370 αυτον
395 335 444 371 τον
476 308 627 384 Αρτύβιον·
661 307 850 382 ἐπιβαλόντος
879 307 907 366 δέ
935 311 985 368 τοῦ

177 402 263 460 ἵππου
272 398 336 462 τούς
348 399 434 460 πόδας
448 398 493 455 ἐπὶ
506 397 557 470 τήν
570 395 724 471 Ὀνησίλου
736 394 852 464 όσπίδα,
867 398 986 455 ἐνθαῦτα

175 491 191 550 ό
213 490 276 566 Κόρ
298 488 420 567 δρεπάνῳ
441 486 551 561 πλήξας
567 485 729 562 ἀπαράσσει
747 490 797 544 τοῦ
817 485 903 544 ἵππου
921 486 986 550 τούς

147 648 149 652 .
175 579 270 641 πόδας.
300 576 450 654 Ἀρτύβιος
463 578 513 653 μὲν
528 575 561 650 δή
576 574 591 634 ό
606 575 763 656 στρατηγός
776 580 830 635 τῶν
846 576 984 653 Περσέων

130 671 186 727 113
196 667 266 743 όμοΰ
279 673 317 746 τῷ
328 667 401 746 ἵππῳ
411 667 507 724 πίπτει
524 664 608 724 αὐτοῦ
621 664 716 744 ταύτῃ.
760 665 939 744 Μαχομένων
954 667 985 726 δέ

175 757 221 814 καὶ
240 761 295 816 τῶν
315 755 418 827 ἄλλων,
441 755 601 832 Στησήνωρ,
623 753 755 830 τύραννος
776 753 826 813 ε’ὦν
849 761 983 832 Κουρίου,

173 845 302 920 προδιδοῖ
308 847 378 923 ἔχων
386 844 500 921 δύναμιν
509 843 614 921 ἀνδρῶν
624 843 688 919 περὶ
697 843 796 902 ἑωυτόν
806 843 837 901 οὗ
848 845 983 921 σμικρήν·

175 935 214 1012 (οἱ
222 934 251 992 δὲ
260 934 390 1011 Κουριέες
399 931 475 993 οὗτοι
483 934 614 1014 λέγονται
626 932 694 992 εἶναι
704 931 837 1013 Ἀργείων
846 931 983 1016 ἄποικον)

173 1021 331 1098 προδόντων
350 1023 380 1081 δέ
394 1027 449 1082 τῶν
469 1022 618 1098 Κουριέων,
634 1019 732 1080 αὐτίκα
746 1021 792 1079 καὶ
805 1019 841 1080 τό
856 1022 983 1100 Σαλαμι-

174 1110 237 1170 νίων
257 1111 466 1189 πολεμιστήρια
487 1109 598 1187 ἅρματα
617 1108 705 1169 τώυτό
729 1113 806 1168 τοῖσι
828 1115 982 1186 Κουριεῦσι

177 1201 275 1259 ἐποίεε·
296 1201 448 1280 γινομένων
464 1199 493 1257 δέ
511 1198 623 1267 τούτων,
641 1198 838 1275 κατυπέρτεροι
858 1196 933 1273 ἦσαν
954 1204 981 1259 οῖ

174 1287 286 1364 Πέρσαι
297 1292 353 1346 τῶν
367 1287 508 1362 Κυπρίων.
549 1286 739 1363 τετραμμένου
754 1285 784 1344 δέ
796 1291 846 1345 τοῦ
860 1314 979 1364 στρατο-

173 1376 266 1444 πέδου,
281 1375 367 1434 όλλοι
380 1400 411 1433 τε
425 1376 527 1434 ἔπεσον
540 1375 646 1433 πολλοὶ
660 1374 706 1432 καὶ
736 1373 754 1450 ἡ
769 1376 814 1434 καὶ
826 1373 980 1450 Ὀνήσιλός

173 1470 204 1522 τε
217 1463 233 1523 ό
247 1465 376 1540 Χέρσιος,
388 1462 478 1540 ὅσπερ
489 1462 541 1539 τήν
555 1463 687 1540 Κυπρίων
697 1461 858 1523 ἀπόστασιν
868 1464 977 1540 ἔπρηξε,

174 1553 219 1609 καὶ
233 1551 249 1611 ό
264 1551 373 1616 Σολίων
382 1550 522 1626 βασιλεύς
530 1549 752 1628 Ἀριστόκυπρος
763 1549 779 1611 ό
790 1551 977 1629 Φιλοκύπρου,

173 1640 363 1718 (Φιλοκύπρου
390 1639 420 1698 δέ
445 1639 555 1709 τούτου,
580 1638 629 1699 τόν
658 1638 754 1702 Σόλων
788 1637 804 1698 ό
830 1637 979 1716 Ἀθηναῖος

173 1727 340 1806 α’πικόμενος
364 1732 391 1792 ἐς
416 1727 533 1805 Κύπρον
560 1732 589 1787 ἐν
617 1729 696 1786 ἔπεσι
724 1729 818 1788 αἴνεσε
840 1727 978 1805 τυρόννων

127 1820 183 1876 114
192 1816 342 1897 μάλιστα.)
352 1815 508 1893 Ὀνησίλου
515 1816 567 1893 μέν
577 1843 625 1876 νυν
634 1815 877 1893 Ἀμαθοΰσιοι,ότι
885 1819 978 1894 σφέας

173 1905 366 1982 ἐπολιόρκησε,
381 1904 573 1981 ἀποταμόντες
588 1903 640 1980 τὴν
657 1905 785 1980 κεφαλήν
802 1904 936 1981 ἐκόμισαν
949 1912 978 1970 ἐς

171 1992 356 2071 Ἀμαθοῦντα,
371 1993 419 2054 καί
430 2019 478 2070 μιν
495 1993 688 2070 ἀνεκρέμασαν
706 1993 775 2072 όπέρ
788 1997 843 2054 τῶν
856 1995 975 2056 πυλέων·

172 2084 344 2161 κρεμαμένης
365 2083 394 2141 δέ
414 2086 464 2157 τῆς
481 2085 608 2156 κεφαλῆς
624 2082 669 2141 καὶ
684 2082 738 2158 ήδη
755 2083 855 2159 ἐούσης
871 2083 975 2159 κοίλης,

172 2171 259 2248 ἐσμὸς
282 2171 444 2248 μελισσέων
468 2169 549 2232 ἐσδθς
573 2175 600 2233 ἐς
621 2169 716 2246 αὐτὴν,
739 2171 839 2247 κηρίων
858 2197 908 2248 μιν
934 2177 975 2231 ἐν·

172 2260 289 2334 έπλησε·
309 2258 409 2318 τούτου
422 2259 451 2317 δέ
464 2259 614 2338 γενομένου
626 2259 760 2329 τοιούτου,
776 2260 910 2337 ἐχρέωντο
919 2259 975 2341 γιίρ

171 2349 235 2423 περὶ
256 2347 340 2422 αὐτῆς
356 2349 383 2405 οἱ
400 2345 595 2423 Ἀμαθούσιοι,
615 2347 767 2423 ἐμαντεύθη
785 2353 841 2422 σφι
859 2346 910 2422 τήν
923 2351 976 2425 μὲν

173 2436 300 2510 κεφαλήν
321 2434 488 2498 κατελόντας
510 2435 606 2512 θάψαι,
627 2434 771 2514 Ὀνησίλῳ
792 2435 821 2494 δέ
844 2435 918 2496 θύειν
939 2437 976 2502 ὦς

171 2522 240 2600 ἥρωϊ
257 2521 309 2582 οἷνιῖ
326 2526 382 2582 πᾶν
401 2523 469 2586 ἔτος.
492 2524 541 2581 καί
556 2529 612 2603 σφι
630 2528 742 2583 ποιεῦσι
760 2528 848 2583 ταῦτα
861 2522 976 2601 ἄμεινον

171 2611 366 2671 συνοίσεσθαι.
408 2609 592 2687 Ἀμαθούσιοι
612 2613 664 2688 μέν
684 2638 731 2671 νυν
756 2613 863 2672 ἐποίευν
886 2618 975 2674 ταῦτα

126 2703 182 2758 115
192 2701 238 2758 καὶ
251 2699 283 2760 τό
296 2700 380 2778 μέχρι
394 2704 469 2776 ἐμεῦ.
493 2697 586 2762 Ἴωνες
596 2700 625 2758 δὲ
637 2704 664 2759 οἱ
675 2705 703 2759 ἐν
715 2700 820 2778 Κύπρῳ
832 2702 974 2780 ναυμαχή-

171 2815 278 2860 σαντες,
298 2790 402 2847 ἐπείτε
421 2790 525 2864 ἔμαθον
543 2789 576 2847 τό
597 2794 750 2870 πρήγματα
765 2788 801 2848 τό
820 2787 975 2865 Ὀνησιλου

172 2878 361 2955 διεφθαρμένα
375 2878 420 2936 καὶ
430 2876 480 2940 ταὶς
490 2877 592 2940 πόλιας
602 2882 657 2937 τῶν
668 2878 801 2955 Κυπρίων
811 2883 974 2955 πολιορκευ-

171 2968 256 3044 μένας
272 2966 322 3030 τός
335 2964 426 3029 ἄλλος
439 2967 516 3041 πλήν
530 2969 698 3044 Σαλαμῖνος,
715 2968 819 3044 ταύτην
832 2967 862 3026 δέ
875 2967 974 3050 Γόργῳ

171 3059 209 3135 τῷ
226 3057 350 3134 προτέρῳ
367 3056 487 3131 βασιλέϊ
502 3055 567 3118 τούς
584 3057 770 3134 Σαλαμινίους
790 3057 973 3134 παραδόντας,

172 3145 269 3204 αὐτίκα
288 3142 423 3219 μαθόντες
444 3147 470 3203 οἱ
486 3142 578 3206 Ἴωνες
597 3149 684 3203 ταῦτα
705 3144 854 3206 ἀπέπλωον
876 3151 902 3209 ἐς
922 3147 975 3223 τήν

676 3234 684 3254 Ι
743 3231 750 3250 ἳ
791 3235 799 3256 Ι
917 3234 925 3254 Ι

171 3231 285 3307 Ἰωνίην.
326 3234 381 3291 τῶν
398 3231 427 3289 δέ
444 3237 472 3292 ἐν
488 3232 594 3310 Κύπρῳ
613 3236 719 3292 πολιων
732 3259 853 3313 αντεσχε
871 3261 976 3312 χρονον

173 3320 218 3381 ἐπὶ
236 3323 373 3379 πλεῖστον
390 3321 612 3397 πολιορκευμένη
629 3320 726 3385 Σόλοι·
747 3321 800 3397 τήν
812 3323 894 3400 πέριξ
906 3321 976 3383 ὕπο·
