2276 3554
162 137 305 198 ιιι-ιιι]
500 117 685 184 nomm.
918 135 965 182 ιω

158 215 191 274 δὲ
208 214 288 293 χώρη
302 212 371 290 αὕτη
387 213 477 273 πάλαι
494 218 546 290 μὲν
566 216 696 274 ἐκαλέετο
714 212 862 290 Γαλλαῖκῆ
876 217 923 274 νῦν
938 214 967 274 δὲ

159 301 323 378 Βριαντική·
340 303 401 362 ἔστι
413 303 509 379 μέντοι
522 305 561 380 τῷ
574 301 738 382 δικαιοτάτῳ
747 306 802 362 τῶν
814 301 907 382 λόγων
921 302 967 361 καὶ

158 388 232 466 αὕτη
253 389 389 450 Κικόνων.
432 389 545 466 Διαβᾶς
563 390 593 448 δὲ
613 394 664 449 τοῦ
684 390 798 450 Λίσσου
818 394 946 468 ποταμοῦ
957 393 1013 450 109

158 477 194 538 τό
211 478 326 555 ῥέεθρον
339 477 581 555 ἀποξηρασμένον,
595 478 679 542 πόλις
694 477 860 553 Ἑλληνίδας
879 477 966 538 τάσδε

158 567 364 643 παραμείβετο·
383 566 557 642 Μαρώνειαν,
568 567 695 638 Δίκαιαν,
705 564 848 642 Ἄβδηρα·
864 566 966 631 ταύτας

77 731 81 738 .
159 680 191 712 τε
209 653 398 732 δηπαρεξηῖε,
413 655 460 713 καὶ
476 655 547 713 κατά
560 653 663 717 ταύτας
676 654 713 725 δὲ,
729 654 831 729 λίμνας
843 654 964 731 ὀνομασ-

141 741 211 824 ἱτιίς
236 743 333 802 τάσδε·
365 742 530 820 Μαρωνείης
556 745 608 819 μέν
634 741 738 819 μεταξύ
766 742 812 800 καὶ
838 741 966 818 Στρύμης

160 831 289 906 κειμένην
303 830 462 906 Ἰσμαρίδα·
485 829 555 889 κατὰ
574 829 603 889 δέ
621 831 747 900 Δίκαιαν,
765 829 924 898 Βιστονίδα,
939 835 966 894 ές

159 917 212 993 τήν
234 919 358 996 ποταμοὶ
381 917 430 977 δύο
455 922 558 978 ἐσιεῖσι
580 919 614 978 τό
635 917 715 994 ὕδωρ,
738 916 846 993 Τραῦός
868 943 899 976 τε
920 918 966 977 καὶ

161 1006 328 1084 Κόμψατος·
350 1006 420 1065 κατὰ
440 1006 470 1065 δὲ
485 1005 628 1082 Ἀβδηρα,
647 1005 749 1082 λίμνην
767 1007 818 1081 μὲν
836 1003 966 1081 οὐδεμίαν

160 1097 264 1154 έοῦσαν
285 1093 465 1170 οὐνομαστην
485 1095 684 1171 παραμείψατο
704 1092 817 1170 Ξέρξης,
838 1091 966 1169 ποταμόν

159 1181 189 1240 δὲ
213 1183 328 1242 Νέστον
349 1182 448 1258 ῥέοντα
470 1187 497 1245 ἐς
520 1181 682 1241 θάλασσαν.
723 1181 794 1258 μετὰ
815 1181 845 1240 δὲ
865 1179 967 1245 ταύτας

159 1268 210 1333 τὰς
229 1270 323 1348 χώρας
344 1269 393 1330 ἰών
407 1269 457 1333 τὰς
476 1269 672 1380 ἠπειρώτιδας
677 1269 761 1332 πόλις
781 1267 890 1346 παρήῖε·
911 1273 966 1330 τῶν

159 1362 190 1417 έν
199 1384 251 1437 μιη
238 1359 375 1434 λίμνη’
362 1361 449 1417 εοῦσα
462 1357 593 1438 τυγχάνει
607 1356 674 1417 ώσεὶ
686 1356 834 1434 τριήκοντα
845 1358 965 1418 σταδίων

158 1445 289 1522 μάλιστά
312 1472 347 1522 κη
366 1472 419 1521 την
439 1445 577 1522 περίοδον,
600 1445 734 1525 ἰχθυώδης
753 1471 784 1504 τε
808 1447 853 1504 καὶ
877 1445 965 1523 κάρτα

158 1534 283 1611 ἁλμυρή·
304 1533 408 1610 ταύτην
423 1560 459 1594 τα
449 1533 613 1615 ύποζύγια
629 1537 719 1610 μοῦνα
731 1533 873 1646 ρρδόμενα
888 1533 964 1604 ἅνεξ-

158 1647 254 1699 ηρηνε·
282 1625 319 1700 τῇ
343 1621 372 1680 δὲ
395 1621 465 1682 πόλι
488 1621 575 1700 ταύτῃ
597 1620 702 1697 οὔνομά
726 1627 787 1680 ε’στι
812 1622 964 1698 Πίστυρος

157 1708 262 1771 ταύτας
273 1711 326 1784 μὲν
339 1707 373 1784 δὴ
386 1708 436 1770 τὰς
449 1707 540 1778 πόλις,
555 1708 606 1771 τᾶς
621 1709 859 1786 παραθαλασσίας
874 1735 905 1768 τε
919 1709 964 1768 καὶ

157 1795 337 1872 Ἑλληνίδας,
354 1797 385 1866 ἐξ
404 1795 543 1872 εὐωνύμου
563 1797 656 1875 χειρός
676 1796 804 1876 ἀπέργων
823 1796 964 1873 παρεξήῖε.

154 1878 260 1944 Ἐθνεα
274 1884 303 1942 δὲ
317 1885 451 1960 Θρηίκων,
464 1884 499 1943 δι’
513 1881 551 1944 ὧν
563 1889 614 1960 τῆς
629 1885 721 1963 χώρης
734 1884 799 1944 ὁδόν
812 1885 943 1954 ἐποιέετο,
956 1887 1012 1944 110

157 1973 273 2032 τοσάδε·
296 1976 406 2040 Παῖτοι,
430 1972 554 2042 Κίκονες,
578 1975 718 2046 Βίστονες,
744 1976 871 2044 Σαπαῖοι,
895 1981 962 2050 Δερ-

158 2063 248 2130 σαῖοι,
261 2059 387 2132 Ἠδωνοὶ,
403 2060 518 2136 Σάτραι·
539 2060 643 2120 τούτων
657 2063 683 2119 οἶ
699 2064 750 2137 μὲν
763 2059 840 2138 παρὰ
857 2059 963 2121 θάλασ-

158 2173 217 2206 σαν
231 2149 425 2224 κατοικημένοι
438 2153 467 2208 ἒν
476 2151 545 2228 τῇσι
558 2150 640 2224 νηυσὶ
654 2149 774 2208 εἵποντο·
791 2152 818 2208 οἱ
832 2148 861 2207 δὲ
876 2149 965 2210 αὐτῶν
1042 2219 1045 2226 ,

158 2236 212 2310 τὴν
225 2235 382 2316 μεσόγαιαν
396 2236 539 2306 οἰκέοντες,
554 2237 772 2315 καταλεχθέντες
783 2263 815 2296 τε
828 2236 874 2296 ὐπ’
889 2243 963 2316 ε’μεῦ,

157 2323 239 2398 πλὴν
255 2324 383 2401 Σατρέων
397 2326 424 2382 οἱ
441 2323 528 2383 ἄλλοι
544 2323 646 2389 πόντες
661 2326 731 2404 πεζῇ
745 2324 964 2407 ἀναγκαζόμενοι

158 2411 282 2472 εἵποντο.
318 2410 424 2488 Σότραι
437 2411 467 2470 δὲ
484 2410 593 2474 οὐδενός
606 2439 644 2470 κω
658 2412 810 2489 ἅνθρώπων
825 2413 944 2490 ὐπήκοοι
955 2417 1008 2473 lll

158 2501 297 2582 ε’γένοντο,
308 2498 378 2559 ὅσον
387 2499 467 2576 ἡμεῖς
477 2499 563 2576 ἴδμεν·
578 2500 655 2558 ἀλλὰ
665 2500 823 2560 διατελεῦσι
833 2501 866 2561 τό
880 2504 964 2580 μέχρι

159 2592 227 2664 ε’μεῦ
245 2588 298 2646 αἰεὶ
314 2587 404 2650 ε’όντες
418 2587 558 2663 ἐλεύθεροι
574 2592 672 2664 μοῦνοι
686 2590 820 2665 Θρηίκων·
842 2591 966 2648 οἰκέουσί

157 2701 191 2736 τε
210 2675 267 2756 γὰρ
287 2675 371 2753 ούρεα
391 2675 489 2754 ύψηλιὶ
511 2677 589 2754 ίισί
606 2703 636 2736 τε
654 2679 805 2756 παντοίῃσι
826 2678 871 2734 καὶ
891 2677 964 2755 χιόνι

158 2765 330 2840 συνηρεφέα,
346 2766 391 2824 καὶ
406 2766 461 2823 εῦσὶ
473 2763 509 2822 τοὶ
522 2765 646 2841 πολέμια
659 2763 748 2841 ἄκροι.
784 2761 860 2823 οὗτοι
875 2765 901 2822 οἳ
914 2769 964 2823 τοῦ

159 2844 304 2906 Διονύσου
317 2844 349 2904 τό
362 2845 497 2921 μαντήϊόν
508 2849 563 2905 εἶσι
574 2847 727 2922 ἐκτημένοι·
743 2845 775 2904 τό
786 2845 816 2904 δὲ
829 2844 963 2920 μαντήϊον

158 2937 244 2994 τοῦτο
268 2935 329 2994 ἔστι
351 2937 403 3010 μὲν
427 2934 473 2993 ε’πὶ
494 2938 548 2993 τῶν
572 2933 672 3010 οὐρέων
693 2938 748 2994 τῶν
769 2933 963 3011 ὐψηλοτότων·

158 3023 276 3098 Βησσοὶ
294 3022 323 3081 δὲ
342 3026 398 3082 τῶν
416 3022 544 3100 Σατρέων
560 3022 615 3080 εἶσὶ
635 3024 661 3080 οἱ
679 3020 901 3096 προφητεύοντες
914 3025 964 3080 τοῦ

159 3113 230 3187 ἱροῦ,
241 3109 396 3187 πρόμαντις
409 3111 438 3169 δὲ
452 3110 470 3186 ἡ
484 3110 617 3188 χρέουσα,
632 3108 755 3182 κατάπερ
769 3113 798 3166 ε’ν
809 3111 963 3181 Δελφοῖσι,

158 3199 206 3258 καὶ
220 3198 301 3259 οὐδὲν
313 3197 520 3274 ποικιλώτερον.

200 3285 457 3365 Παραμειψιίμενος
484 3284 514 3344 δὲ
541 3281 558 3341 ό
584 3279 689 3356 Ξέρξης
711 3277 764 3354 τὴν
791 3279 1009 3354 εἰρημένην,112
