2250 3552
183 140 231 188 ιιι
490 139 673 189 ‘ammom
917 140 981 206 [IX.

182 218 212 277 δὲ
232 222 289 279 πᾶν
311 217 345 278 τό
372 219 495 278 ἐναντίον
517 221 568 278 τοῦ
594 220 841 300 προστεταγμένου
867 222 985 294 ἐποίεον,

183 305 274 370 άλλας
295 333 327 367 τε
347 307 549 389 κατηγεόμενοί
566 314 623 384 σφι
643 307 723 372 ὁδούς
744 309 882 391 φεύγουσι
901 310 930 370 αἳ
951 312 985 388 δὴ

183 396 284 472 ἔφερον
308 400 336 458 ἐς
361 395 427 458 τούς
453 397 613 473 πολεμίους,
642 397 689 456 καὶ
715 398 797 461 τέλος
824 398 905 458 αὗταί
928 405 986 475 σφι

183 483 307 565 ἐγίνοντο
341 485 491 547 κτείνοντες
523 483 739 562 πολεμιώτατοι.
781 486 851 546 οὕτω
884 487 918 563 δὴ
952 489 986 548 τό

183 571 310 649 δεύτερον
322 571 412 648 Ἰωνίη
425 571 481 632 άπό
496 575 631 651 Περσέων
644 573 764 650 α’πέστη.

137 661 193 719 105
243 659 293 719 Ἐν
315 659 345 719 δὲ
367 659 455 738 ταύτῃ
476 663 512 739 τῇ
539 660 618 741 μάχῃ
644 661 789 738 Ἑλλήνων
815 661 987 740 ἠρίστευσαν

182 747 335 823 Ἀθηναῖοι·
373 749 419 806 καὶ
438 747 599 824 Ἀθηναίων,
620 749 794 826 Ἑρμόλυκος
814 749 830 810 ό
850 751 986 822 Εὐθύνου,

183 835 253 913 ἀνὴρ
272 835 444 918 παγκράτιον
463 837 637 912 ἐπασκήσας·
658 841 757 897 τοῦτον
773 837 802 896 δέ
817 837 868 898 τόν
884 838 986 916 Ἑρμό-

182 929 269 984 λυκον
295 925 437 1000 κατέλαβε
463 923 584 1001 ὕστερον
609 925 722 995 τούτων,
743 927 869 1002 πολέμου
893 926 986 992 ἐόντος

181 1011 360 1090 Ἀθηναίοισί
383 1038 414 1072 τε
446 1013 491 1070 καὶ
522 1014 719 1090 Καρυστίοισι,
753 1019 782 1074 ἐν
810 1014 909 1094 Κύρνῳ
934 1020 987 1091 τῆς

183 1103 345 1178 Καρυστίης
357 1100 449 1180 χώρης
469 1099 648 1161 ἀποθανόντα
669 1105 698 1161 ἐν
712 1101 800 1180 μάχη,
816 1103 926 1162 κεῖσθαι
940 1105 986 1164 ἐπὶ

182 1193 334 1268 Γεραιστῷ·
355 1188 426 1265 μετά
445 1189 475 1248 δὲ
490 1187 662 1264 Ἀθηναίους,
685 1191 829 1266 Κορίνθιοι
843 1190 889 1249 καὶ
905 1197 985 1268 Τροι-

183 1277 271 1353 ζήνιοι
284 1278 329 1336 καί
344 1277 488 1342 Σικυώνιοι
501 1275 681 1354 η’ρίστευσαν.

137 1368 192 1425 106
242 1365 324 1425 Ἐπεί
354 1391 385 1426 τε
412 1365 442 1424 δέ
469 1363 678 1446 κατεργάσαντο
705 1367 732 1424 οἱ
756 1364 896 1442 Ἐλληνες
920 1368 986 1434 τούς

182 1454 317 1523 πολλούς,
327 1452 392 1516 τοὺς
401 1455 453 1531 μὲν
461 1453 638 1531 μαχομένους
650 1452 717 1516 τούς
731 1453 760 1512 δὲ
774 1454 820 1512 καὶ
831 1454 986 1536 φεύγοντας

181 1545 235 1600 τῶν
255 1540 420 1618 βαρβάρων,
439 1540 490 1604 τάς
510 1542 572 1604 νέας
593 1541 749 1618 ἐνέπρησαν
773 1541 819 1600 καὶ
839 1541 872 1602 τό
892 1547 985 1623 τεῖχος

181 1627 265 1697 ἅπαν,
286 1627 338 1704 τήν
358 1628 441 1704 ληίην
461 1627 701 1710 προεξαγαγόντες
721 1633 749 1692 ἐς
768 1628 818 1690 τόν
844 1632 984 1712 αἰγιαλόν·

182 1717 229 1776 καὶ
245 1716 402 1794 θησαυρούς
418 1743 494 1780 τινας
512 1717 663 1796 χρημάτων
681 1714 769 1794 εὖρον·
791 1718 985 1796 ἐμπρήσαντες

183 1805 213 1865 δέ
225 1805 258 1866 τό
271 1809 363 1884 τεῖχος
377 1805 423 1864 καὶ
435 1804 486 1868 τάς
495 1806 557 1868 νέας
568 1804 719 1864 α’πέπλεον.
744 1804 907 1883 ἀπικόμενοι
917 1807 947 1866 δὲ
957 1812 985 1872 ἐς

183 1893 281 1971 Σάμον
292 1897 318 1953 οἱ
326 1893 473 1969 Ἕλληνες,
483 1892 669 1970 ἐβουλεύοντο
679 1893 744 1970 περὶ
753 1892 926 1958 ἀναστάσιος
934 1899 985 1972 τῆς

182 1980 293 2058 Ἰωνίης,
308 1982 354 2041 καὶ
366 1980 423 2057 ὅπη
436 1980 520 2060 χρεόν
538 1981 580 2056 εἴη
595 1984 646 2055 τῆς
661 1980 801 2044 Ἑλλάδος
818 1983 983 2054 κατοικίσαι,

182 2073 232 2145 τῆς
252 2069 330 2130 αύτοὶ
351 2070 494 2150 ἐγκρατέες
513 2067 597 2144 ἦσαν·
632 2067 683 2145 τήν
703 2068 733 2126 δὲ
750 2067 856 2144 Ἰωνίην
875 2069 985 2130 α’πεῖναι

182 2161 258 2217 τοῖσι
270 2157 458 2235 βαρβάροισι·
479 2156 614 2216 ἀδύνατον
629 2157 684 2238 γάρ
703 2156 833 2232 ἐφαίνετό
846 2163 902 2234 σφι
916 2158 985 2218 εἶναι

183 2246 299 2308 ἑωυτούς
324 2271 355 2305 τε
380 2244 478 2304 Ἰώνων
504 2245 699 2322 προκατῆσθαι
727 2245 914 2322 φρουρέοντας
935 2246 985 2307 τόν

183 2331 273 2392 πάντα
285 2333 396 2412 χρόνον·
418 2334 464 2392 καὶ
478 2337 582 2392 ἑωυτῶν
594 2332 635 2410 μή
651 2333 874 2410 προκατημένων,
887 2331 985 2398 Ἴωνας

183 2419 313 2498 οὐδεμίαν
326 2421 427 2492 ἐλπίδα
441 2421 518 2501 εἶχον
530 2423 680 2499 χαίροντας
699 2421 770 2499 πρός
783 2426 838 2481 τῶν
851 2423 985 2499 Περσέων

182 2508 366 2580 α’παλλάξειν.
408 2511 478 2587 πρός
490 2513 578 2568 ταῦτα
595 2510 832 2584 Πελοποννησίων
844 2512 896 2588 μὲν
908 2515 985 2571 τοῖσι

184 2603 213 2656 ἐν
235 2587 311 2656 τέλεϊ
332 2601 410 2657 ἐοῦσι
431 2596 522 2657 ἐδόκεε
541 2601 596 2656 τῶν
615 2595 792 2674 μηδισάντων
813 2597 911 2658 ἐθνέων
929 2602 985 2659 τῶν

182 2685 356 2761 Ἑλληνικῶν
368 2685 404 2746 τά
418 2685 539 2763 ἐμπόρια
559 2683 811 2760 ἐξαναστήσαντας,
826 2685 921 2745 δοῦναι
933 2685 985 2762 τήν

182 2774 275 2852 χώρην
295 2773 376 2833 Ἴωσι
405 2777 557 2849 ἐνοικῆσαι·
578 2772 753 2849 Ἀθηναίοισι
773 2773 803 2832 δὲ
824 2773 873 2832 ούκ
894 2774 985 2834 ἐδόκεε

183 2861 281 2940 ἀρχὴν,
299 2861 404 2937 Ἰωνίην
421 2862 554 2941 γενέσθαι
572 2859 740 2930 άνάστατον,
757 2859 820 2920 οὐδὲ
838 2867 985 2922 Πελοπον-

183 2951 309 3023 νησίοισι
331 2951 395 3027 περὶ
415 2954 470 3008 τῶν
491 2949 636 3025 σφετέρων
659 2947 805 3009 α’ποικιέων
827 2950 984 3026 βουλεύειν·

183 3034 386 3096 ἀντιτεινόντων
404 3035 435 3095 δὲ
450 3035 554 3096 τούτων
574 3035 731 3113 προθύμως,
751 3036 827 3106 εἶξαν
846 3041 874 3097 οἱ
893 3043 985 3098 Πελο-

182 3121 338 3196 ποννήσιοι·
363 3123 410 3182 καὶ
427 3122 497 3182 οὕτω
516 3123 550 3196 δὴ
570 3124 692 3198 Σαμίους
711 3148 743 3182 τε
764 3124 810 3183 καὶ
831 3125 918 3190 Χίους
939 3129 986 3188 καὶ

183 3210 326 3282 Λεσβίους
352 3210 398 3268 καὶ
426 3209 491 3272 τούς
521 3209 627 3273 ἄλλους
658 3210 803 3286 νησιώτας,
831 3213 858 3272 οἳ
888 3215 986 3296 ἔτυχον

184 3295 436 3371 συστρατευόμενοι
457 3300 533 3356 τοῖσι
545 3297 682 3372 Ἕλλησι,
703 3303 731 3362 ἐς
750 3300 784 3360 πδ
804 3305 986 3383 συμμαχικόν
