2282 3550
176 139 224 187 196
487 137 670 187 ἨΡΟΔΟΤΟΤ
900 135 978 200 [VII.

175 217 296 281 Σκιάθου
310 244 341 278 τε
352 218 397 276 καὶ
411 219 588 298 Μαγνησίης,
603 215 773 294 καλεόμενον
785 217 814 276 δέ
825 215 978 296 Μύρμηκα.

176 306 295 365 ἐνθαῦτα
311 309 338 366 οἶ
350 306 497 382 βάρβαροι
510 305 604 381 ἐπειδή
621 304 731 381 στήλην
745 305 827 364 λίθου
841 305 980 380 ἐπέθηκαν

176 395 340 470 κομίσαντες
355 395 401 453 ἐπὶ
413 395 445 454 τό
460 395 539 471 ἕρμα,
549 394 715 471 ὁρμηθέντες
728 393 807 452 αὐτοὶ
818 397 848 451 ἐκ
858 393 977 470 Θέρμης,

175 481 209 545 ὦς
231 489 288 559 σφι
313 481 346 542 τό
374 482 501 559 ἐμποδών
529 481 654 563 ἐγεγόνεε
681 482 811 558 καθαρόν,
840 481 980 542 ἐπέπλεον

175 568 286 648 πάσῃσι
309 575 377 650 τῇσι
398 572 488 646 νηυσὶ,
512 570 606 629 ἕνδεκα
626 569 731 646 ἡμέρας
752 570 885 646 παρέντες
905 569 978 645 μετά

174 657 227 732 τήν
239 659 378 734 βασιλέος
394 659 524 728 ἐξέλασιν
543 662 572 716 ἐκ
590 660 710 735 Θέρμης·
731 657 764 717 τό
783 657 812 716 δέ
832 657 903 734 ἕρμα
921 665 979 733 σφι

176 746 363 826 κατηγήσατο,
376 746 421 805 ἐόν
432 752 460 806 ἐν
470 746 547 825 πόρῳ
561 745 696 822 μάλιστα,
709 745 839 822 Πάμμων
851 744 978 821 Σκύριος·

175 835 335 913 πανημερὸν
348 836 378 894 δέ
396 834 536 898 πλώοντες
553 837 580 894 οἱ
599 833 746 911 βάρβαροι
763 831 908 903 ἐξανύουσι
927 838 980 908 τῆς

175 925 344 1003 Μαγνησίης
357 923 448 1002 χώρης
462 924 507 982 ἐπὶ
524 920 651 998 Σηπιάδα
670 949 700 981 τε
717 922 763 981 καὶ
780 921 831 981 τόν
847 923 979 1002 αἰγιαλόν

176 1011 224 1070 τόν
233 1010 337 1088 μεταξύ
346 1011 530 1086 Κασθαναίης
539 1036 571 1069 τε
579 1009 679 1072 πόλιος
690 1009 770 1069 ἐόντα
781 1009 826 1067 καὶ
835 1008 979 1084 Σηπιάδος

177 1098 271 1175 άκτῆς.

130 1189 186 1247 184
216 1189 310 1268 Μέχρι
336 1188 387 1264 μέν
413 1213 461 1246 νυν
486 1185 585 1245 τούτου
608 1188 658 1245 τοῦ
685 1184 776 1264 χοίρου
802 1184 847 1243 καὶ
871 1191 979 1263 Θερμο-

175 1279 291 1346 πυλέων,
307 1276 416 1351 άπαθής
434 1301 464 1334 τε
482 1277 572 1333 κακῶν
588 1273 623 1349 ἦν
637 1273 652 1332 ὁ
666 1271 794 1349 στρατός,
809 1273 854 1330 καὶ
867 1274 980 1348 πλῆθος

174 1363 210 1440 ἦν
229 1370 378 1441 τηνικαῦτα
398 1366 445 1435 ἐτι,
461 1363 495 1427 οἷς
516 1363 569 1444 ἐγώ
590 1360 830 1438 συμβαλλόμενος
850 1359 978 1436 εὑρίσκω,

174 1452 271 1512 τόσον·
292 1458 346 1512 τῶν
363 1456 415 1529 μὲν
434 1458 463 1512 ἐκ
482 1457 536 1512 τῶν
553 1455 620 1511 νεῶν
633 1453 688 1509 τῶν
701 1455 731 1508 ἐκ
744 1454 794 1526 τῆς
806 1447 905 1524 Ἀσίης
919 1455 979 1508 ἐου.

176 1542 248 1600 σέων
269 1540 338 1600 ἐπτά
359 1542 404 1599 καὶ
425 1541 586 1616 διηκοσιέων
607 1539 653 1598 καὶ
669 1537 789 1617 χιλιέων,
804 1536 853 1597 τόν
865 1540 917 1613 μὲν
930 1537 979 1615 άρ-

175 1633 257 1707 χαῖον
279 1628 402 1688 ἑκάστων
422 1633 476 1688 τῶν
498 1629 596 1688 ἐθνέων
617 1625 698 1686 ἐόντα
719 1625 819 1702 ὅμιλον
840 1625 980 1702 τέσσερας

177 1718 223 1775 καὶ
237 1718 326 1776 εἴκοσι
341 1716 483 1794 μυριάδας,
498 1718 543 1775 καὶ
559 1716 636 1793 πρός,
651 1715 766 1794 χιλιάδα
779 1740 809 1774 τε
824 1714 980 1792 καὶιτετρα-

176 1807 296 1876 κοσίους,
311 1805 346 1870 κός
364 1805 417 1865 dud
433 1806 590 1881 διηκοσίους
607 1803 707 1880 ἄνδρας
723 1802 933 1882 λογιζομένοισι
949 1809 980 1863 ἐν

177 1893 281 1972 ἑκάστῃ
301 1895 355 1971 νηΐ·
377 1893 546 1970 ἐπεβάτευον
567 1893 596 1951 δέ
618 1893 663 1950 ἐπὶ
686 1892 803 1950 τουτέων
823 1893 878 1950 τῶν
901 1895 979 1962 νεῶν,

175 1984 259 2061 χωρὶς
277 1983 401 2042 ἐκάστων
418 1985 473 2041 τῶν
491 1981 650 2060 ἐπιχωρίων,
671 1979 827 2054 ἐπιβατέων
844 1981 981 2056 Περσέων

176 2096 207 2129 τε
228 2072 273 2130 καὶ
294 2071 399 2147 Μήδων
420 2071 465 2128 καὶ
483 2068 602 2131 Σακέων·
610 2067 759 2144 τριήκοντα
772 2065 876 2144 άνδρες·
898 2063 981 2132 οὗτος

175 2158 264 2222 ἄλλος
285 2157 384 2236 ὅμιλος
403 2159 508 2238 γίνεται
530 2155 691 2232 τρισμύριοι
714 2155 759 2212 καὶ
783 2154 980 2233 ἑξακισχίλιοι,

176 2247 221 2304 καὶ
244 2246 322 2324 πρός,
341 2246 481 2320 διηκόσιοί
499 2269 529 2302 τε
552 2244 597 2301 καὶ
619 2243 694 2301 δέκα·
717 2243 873 2320 προσθήσω
895 2241 918 2300 δ’
940 2245 981 2303 ἐτι

175 2335 262 2414 τούτῳ
281 2335 326 2393 καὶ
346 2338 384 2412 τῷ
400 2333 524 2411 προτέρῳ
542 2329 650 2410 άριθμιξι
671 2329 736 2394 τούς
757 2336 787 2389 ἐκ
808 2335 863 2390 τῶν
880 2357 981 2408 πεντη-

176 2426 318 2498 κοντέρων,
332 2421 461 2496 ποιήσας,
476 2419 491 2480 ὅ
504 2446 532 2480 τι
545 2421 634 2480 πλέον
646 2418 681 2494 ἢν
694 2418 797 2478 αύτέων
810 2417 828 2494 ἢ
843 2421 980 2498 ἔλασσον,

178 2508 219 2568 ἀν’
235 2508 392 2590 όγδιύκοντα
413 2507 512 2585 ἄνδρας
533 2511 640 2567 ἐνεῖναι·
663 2507 820 2586 συνελέχθη
842 2507 871 2566 δέ
891 2513 981 2568 ταῦτα

175 2597 211 2658 τά
232 2600 326 2666 πλοῖα,
349 2595 384 2659 ὥς
407 2597 453 2656 καὶ
474 2595 610 2674 πρότερόν
628 2622 677 2672 μοι
700 2596 798 2672 εἰρέθη,
821 2597 981 2674 τρισχίλια·

175 2685 229 2762 ἤδη
248 2685 284 2745 ὧν
302 2683 397 2762 ἄνδρες
416 2683 450 2744 ἂν
469 2685 522 2743 εἶεν
540 2689 568 2743 ἐν
582 2683 695 2744 αὐτοῖσι
708 2685 840 2759 τέσσερες
849 2684 983 2760 μυριάδες

176 2774 222 2832 καὶ
236 2774 331 2832 εἴκοσι
365 2776 448 2832 τοῦτο
461 2773 513 2849 μέν
526 2797 574 2832 νυν
586 2771 619 2831 τό
634 2777 663 2832 ἐκ
677 2777 727 2848 τῆς
740 2771 839 2846 Ἀσίης
853 2772 983 2833 ναυτικόν

175 2861 218 2937 ἦν,
227 2861 343 2937 σύμπαν
354 2859 400 2920 ἐόν
410 2859 580 2936 πεντήκοντα
589 2859 720 2936 μυριάδες
729 2860 774 2918 καὶ
784 2860 845 2936 μία,
855 2859 982 2938 χιλιάδες

175 2973 207 3006 τε
228 2949 319 3007 ἔπεισι
341 2948 387 3006 ἐπὶ
403 2947 521 3025 ταύτῃσι
539 2946 618 3015 ἑπτά,
638 2949 684 3006 καὶ
705 2947 784 3024 πρός,
804 2947 983 3012 ἑκατοντάδες

177 3035 214 3104 ἐξ,
228 3036 274 3092 καὶ
288 3033 377 3096 δεκάς.
412 3038 462 3092 τοῦ
472 3034 501 3091 δὲ
515 3035 599 3103 πεζοῦ
614 3034 809 3110 ἑβδομήκοντα
824 3036 869 3093 καὶ
884 3035 984 3096 ἑκατόν

124 3131 126 3136 ’
175 3121 305 3198 μυριάδες
327 3123 460 3202 ἐγίνοντο·
494 3125 549 3179 τῶν
570 3122 600 3179 δέ
622 3125 726 3183 ἱππέων
747 3123 820 3183 όκτο)
840 3123 983 3201 μυριάδες·

175 3207 333 3283 προσθήσω
351 3208 374 3267 δ’
389 3209 428 3266 ἐτι
444 3207 569 3267 τούτοισι
586 3209 636 3271 ταὶς
655 3211 798 3287 καμήλους
815 3211 881 3274 τούς
901 3212 984 3271 ἐλαύ-

176 3318 273 3356 νοντας
282 3293 441 3370 Ἀραβίους,
450 3295 496 3352 καὶ
505 3294 570 3358 τούς
579 3295 614 3354 τά
623 3295 733 3372 ἅρματα
741 3301 861 3374 Λίβυας,
871 3301 986 3375 πλῆθος
