2276 3554
145 124 256 195 79-8'4]
494 133 607 180 αυκυο.
919 129 949 178 υι

146 237 187 271 ειν
200 211 234 271 τό
244 208 358 291 Ἄργος,
372 209 477 285 παρεόν
494 209 626 272 εὐπετέως
647 235 695 286 μιν
717 212 799 268 έλεῖν·
821 207 837 269 ό
851 207 883 267 δέ
895 213 951 282 σφι

145 299 233 368 ἔλεξε,
248 297 310 357 οὔτε
324 302 348 356 εἰ
361 296 529 375 ψευδόμενος
542 295 605 357 οὔτε
626 301 650 356 εἰ
670 297 778 372 άληθέα
791 297 881 378 λέγων
897 296 951 375 ἐχω

146 387 296 462 σαφηνέως
318 385 402 444 εἶπαι·
424 385 501 454 ἔλεξε
522 385 545 444 δ’
560 385 596 445 ὧν
612 384 737 462 φάμενος
752 384 813 443 ἐπεί
826 410 857 443 τε
871 383 904 460 δὴ
918 385 951 444 τό

145 479 196 534 τοῦ
212 474 321 554 Ἀργου
343 473 402 550 ἱρόν
423 473 489 543 εἷλε,
512 474 616 533 δοκέειν
638 477 665 532 οἱ
687 473 882 548 ἐξεληλυθέναι
902 471 952 544 τόν

145 562 280 642 χρησμόν
299 566 349 621 τοῦ
371 563 445 621 θεοῦ·
466 561 537 639 πρός
552 561 588 621 ὧν
600 565 689 621 ταῦτα
703 561 735 620 οὐ
752 561 873 620 δικαιοῦν
893 586 951 618 πει-

144 655 199 728 ρᾶν
220 655 271 726 τῆς
291 650 399 722 πόλιος,
422 649 489 726 πρίν
511 676 544 730 γε
568 650 602 726 δή
629 653 716 726 ἱροῖσι
734 649 884 728 χρήσηται,
904 650 949 708 καὶ

144 738 224 816 μάθῃ
239 739 293 798 εἴτε
308 742 334 797 οἱ
347 737 363 798 ό
377 737 440 800 θεός
460 738 609 815 παραδιδοῖ
621 739 675 797 εἴτε
689 741 716 796 οἶ
730 737 857 814 ἐμποδὼν
871 737 951 813 έστη-

146 851 187 884 κε·
210 826 431 905 καλλιερευμένῳ
451 826 481 884 δὲ
495 831 523 885 ἐν
536 829 574 905 τῷ
586 826 693 904 Ἡραίῳ
707 831 737 885 ἐκ
753 829 803 884 τοῦ
824 823 950 904 ἀγάλμα-

145 937 194 976 τος
207 918 263 973 τῶν
276 915 402 990 στηθέων
417 913 515 994 φλόγα
528 913 615 990 πυρός
632 913 785 992 ἐκλάμψαι·
805 914 905 990 μαθεῖν
922 913 951 972 δέ

146 999 231 1066 αὐτός
245 1001 315 1062 οὕτω
328 1001 381 1078 τήν
394 1001 548 1079 άτρεκηΐην,
563 1002 605 1062 ὅτι
620 1001 669 1062 οὐκ
687 1003 771 1079 αἱρέει
786 1002 819 1062 τό
834 1001 949 1082 Ἄργος·

147 1092 173 1148 εἰ
198 1093 250 1166 μὲν
272 1090 326 1170 γάρ
355 1095 384 1150 ἐκ
411 1095 461 1166 τῆς
488 1093 615 1166 κεφαλῆς
634 1095 684 1150 τοῦ
705 1090 869 1171 άγάλματος
896 1089 951 1158 ἐξέ-

147 1181 253 1256 λαμψε,
269 1180 369 1255 αἱρέειν
389 1177 424 1239 ἂν
444 1177 503 1238 κατ’
516 1177 601 1256 ἄκρης
621 1172 673 1254 τήν
693 1178 787 1238 πόλιν·
810 1183 839 1236 ἐκ
852 1181 908 1238 τῶν
922 1177 951 1236 δέ

147 1267 274 1342 στηθέων
287 1266 460 1345 λάμψαντος,
475 1271 531 1326 πᾶν
545 1271 572 1326 οἱ
585 1268 757 1343 πεποιῆσθαι
775 1266 844 1326 ὅσον
858 1265 874 1326 ὁ
889 1266 952 1330 θεός

147 1355 286 1430 ἐβούλετο
306 1357 447 1436 γενέσθαι.
489 1359 577 1415 ταῦτα
590 1357 620 1414 δέ
633 1356 731 1436 λέγων,
746 1355 835 1415 πιστά
854 1381 885 1415 τε
905 1355 951 1416 καὶ

147 1443 245 1503 οἰκότα
275 1443 366 1502 ἐδόκεε
393 1444 588 1522 Σπαρτιήτῃσι
617 1445 718 1525 λέγειν,
746 1444 792 1503 καὶ
821 1443 950 1525 άπέφυγε

146 1531 261 1591 πολλόν
281 1531 345 1595 τοῖς
366 1532 522 1594 διώκοντας.

183 1618 291 1700 Ἀργος
310 1619 339 1679 δέ
357 1619 462 1696 ἀνδρῶν
484 1619 611 1699 ἐχηρώθη
632 1619 710 1692 οὕτω,
726 1621 798 1681 ὥστε
812 1624 838 1680 οἱ
852 1621 949 1680 δοῦλοι
959 1623 996 1680 83

146 1705 239 1766 αὐτῶν
260 1708 346 1786 ἐσχον
364 1706 456 1768 πάντα
477 1708 512 1768 τά
534 1708 687 1789 πρήγματα
705 1707 837 1787 ἄρχοντές
854 1734 885 1768 τε
904 1710 950 1767 καὶ

146 1795 296 1865 διέποντες,
308 1801 335 1858 ἐς
348 1795 365 1856 δ
378 1796 530 1872 ἐπήβησαν
544 1800 570 1856 οἱ
582 1802 637 1856 τιῖν
650 1796 831 1874 α’πολομένων
845 1797 947 1860 παῖδες.

147 1882 243 1942 ἔπειτά
259 1889 351 1959 σφεας
369 1882 446 1944 οὗτοι
468 1884 654 1961 ἀνακτώμενοι
676 1884 767 1945 ὀπίσω
786 1891 813 1949 ἐς
834 1885 951 1948 ἑωυτούς

146 1969 182 2029 τό
191 1969 296 2052 Ἀργος
310 1972 458 2048 ἐξέβαλον·
480 1971 659 2049 ἐξωθεύμενοι
673 1973 702 2032 δέ
717 1976 743 2032 οἱ
757 1974 856 2032 δοῦλοι
872 1973 952 2052 μάχῃ

147 2059 235 2138 ἔσχον
247 2060 377 2136 ΓΓίρυνθα.
417 2061 484 2124 τέως
497 2063 548 2137 μὲν
561 2060 596 2136 δή
608 2066 664 2136 σφι
677 2060 713 2136 ἦν
729 2061 835 2138 ἄρθμια
856 2065 883 2124 ἐς
901 2060 950 2120 α’λ-

79 2165 82 2172 ’
146 2147 264 2223 λήλους·
286 2149 380 2208 ἔπειτα
394 2149 424 2208 δέ
437 2153 464 2211 ἐς
477 2149 540 2212 τούς
554 2148 670 2212 δούλους
682 2149 753 2223 ἦλθε
768 2149 837 2227 ἀνὴρ
853 2148 952 2226 μάντις

147 2237 318 2313 Κλέανδρος,
327 2237 407 2317 γένος
421 2235 472 2296 ἐυλν
481 2236 619 2317 Φιγαλεῖς
633 2235 680 2296 ἀπ’
694 2235 849 2314 Ἀρκαδίης·
872 2236 952 2302 οὗτος

145 2323 212 2387 τοῖς
229 2323 344 2386 δούλους
363 2324 502 2406 α’νέγνωσε
521 2325 668 2385 ἐπιθέσθαι
687 2329 763 2385 τοῖσι
782 2326 949 2406 δεσπότῃσι·

146 2416 179 2470 ἐκ
191 2411 291 2472 τούτου
305 2413 333 2472 δὲ
347 2412 472 2490 πόλεμός
485 2419 541 2488 σφι
558 2412 592 2489 ἦν
611 2414 657 2472 ἐπὶ
674 2413 777 2492 χρόνον
794 2415 908 2494 συχνόν,
923 2421 951 2479 ἐς

146 2501 163 2561 ὃ
184 2499 218 2576 δη
238 2499 322 2582 μόγις
342 2503 368 2560 οἱ
388 2499 511 2581 Ἀργεῖοι
532 2501 734 2579 ἐπεκράτησαν.

187 2586 312 2668 Ἀργεῖοι
328 2589 381 2665 μέν
398 2615 446 2648 νυν
465 2588 510 2648 διαὶ
525 2593 613 2648 ταῦτα
627 2591 789 2666 Κλεομένεά
803 2599 878 2667 φασι
895 2619 947 2668 μα·
957 2594 995 2652 84

146 2677 228 2735 νέντα
244 2674 405 2737 άπολέσθαι
423 2681 520 2740 κακῶς·
542 2676 621 2736 αὐτοὶ
639 2678 668 2736 δὲ
682 2680 859 2756 Σπαρτιῆταί
874 2687 949 2755 φασι

146 2769 177 2822 ἐκ
198 2763 341 2840 δαιμονίου
361 2767 413 2842 μέν
429 2764 539 2829 οὐδενός
556 2770 676 2842 μανῆναι
694 2768 864 2844 Κλεομένεα,
881 2767 949 2830 Σκύ-

146 2851 216 2930 θησι
232 2851 262 2910 δέ
278 2851 458 2930 ὁμιλήσαντά
474 2879 523 2930 μιν
541 2852 735 2931 ἀκρητοπότην
753 2855 885 2936 γενέσθαι
904 2855 950 2913 καὶ

145 2944 177 2998 ἐκ
194 2939 295 2999 τούτου
313 2944 443 3018 μανῆναι·
465 2940 575 3005 Σκύθας
592 2942 647 3023 γάρ
663 2944 728 3022 τούς
744 2941 872 3019 νομάδας,
888 2943 951 3002 ἐπεί

146 3027 178 3086 τέ
190 3032 247 3103 σφι
262 3032 382 3105 Δαρεῖον
396 3031 533 3105 ἐσβαλεῖν
548 3035 574 3094 ἐς
587 3030 639 3104 τὴν
652 3030 753 3108 χώρην,
768 3030 839 3104 μετά
859 3034 947 3089 ταῦτα

146 3115 295 3192 μεμονέναι
312 3141 362 3194 μιν
378 3117 524 3176 τίσασθαι·
540 3119 704 3195 πέμψαντας
721 3119 749 3174 δὲ
764 3122 790 3178 ἐς
805 3116 946 3192 Σπάρτην,

146 3204 312 3282 συμμαχίην
329 3229 360 3264 τε
380 3203 526 3264 ποιέεσθαι
548 3205 594 3262 καὶ
615 3203 796 3260 συντίθεσθαι
818 3202 852 3264 ὠς
864 3201 949 3278 χρεόν

96 3303 100 3310 ’
144 3291 188 3368 εἴη
208 3289 309 3354 αὐτοῖς
327 3293 379 3370 μὲν
399 3291 464 3354 τούς
483 3289 591 3353 Σκύθας
612 3288 688 3362 παραὶ
708 3291 800 3344 Φᾶσιν
822 3287 948 3362 ποταμόν
