2282 3550
168 137 279 203 75-79]
498 135 659 204 ommAq
925 144 970 190 τις

168 217 354 294 Κυνόσουραν
360 218 533 298 τεταγμένοι,
543 218 672 298 κατεῖχόν
681 245 712 278 τε
720 219 804 298 μέχρι
813 220 973 298 Μουνυχίης

168 304 260 364 πάντα
280 305 330 366 τόν
349 305 479 382 πορθμόν
498 310 566 385 τῇσι
587 308 678 383 νηυσί·
717 307 802 367 τῶνδε
823 307 852 367 δὲ
874 308 974 368 εἵνεκεν

168 393 273 474 άνῆγον
285 393 335 457 τῶς
348 397 424 468 νῆας,
440 393 483 453 ἵνα
497 394 531 470 δὴ
545 399 622 455 τοῖσι
634 393 762 471 Ἕλλησι
775 396 845 471 μηδὲ
860 397 973 477 φυγέειν

169 480 227 559 ἐξῇ,
252 480 317 540 ἀλλ’
345 480 580 558 ἀπολαμφθέντες
607 489 636 543 ἐν
663 488 698 562 τῇ
722 484 871 560 Σαλαμῖνι,
899 485 973 544 δοῖεν

167 569 244 628 τίσιν
263 571 318 628 τῶν
338 568 380 628 ἐπ’
400 567 569 650 Ἀρτεμισίῳ
590 570 799 652 α’γωνισμάτων·
825 577 852 635 ἐς
872 573 902 632 δὲ
921 573 973 649 την

168 656 271 732 νησίδα
283 656 335 733 τήν
348 657 523 718 Ψυττάλειαν
543 661 713 736 καλεομένην
727 658 906 736 ἀπεβίβαζον
918 665 973 721 τῶν

169 745 312 821 Περσέων,
326 745 411 806 τῶνδε
425 746 534 816 εἵνεκεν,
549 747 584 811 ῶς
599 747 681 807 ἐπεάν
697 749 810 828 γέιηται
823 749 971 826 ναυμαχίη,

170 833 289 894 ἐνθαῦτα
314 833 443 910 μάλιστα
470 835 653 911 ἐξοισομένων
672 839 727 895 τῶν
746 861 778 894 τε
801 835 906 912 ἀνδρῶν
927 836 973 895 καὶ

169 924 224 980 τῶν
240 923 385 1002 ναυηγίων,
403 922 445 1000 (ἐν
463 922 518 1003 γαὶρ
537 923 570 1000 δη
587 923 664 1003 πόρω
680 928 731 999 τῆς
752 924 905 1003 ναυμαχίης
923 927 973 1000 τῆς

169 1009 332 1085 μελλούσης
353 1010 470 1069 ἔσεσθαι
491 1012 578 1070 ἔκειτο
599 1011 617 1088 ἦ
638 1013 746 1092 νῆσος)
771 1012 815 1071 ἵνα
834 1011 899 1074 τούς
920 1015 972 1088 μέν

170 1101 344 1172 περιποιῶσι,
367 1098 431 1161 τούς
452 1098 481 1157 δὲ
502 1099 694 1176 διαφθείρωσι·
724 1100 832 1159 ἐποίευν
853 1100 882 1158 δέ
903 1105 972 1180 σιγῇ

170 1187 267 1254 ταῦτα,
288 1185 324 1249 ῶς
340 1185 381 1263 μή
402 1187 586 1248 πυνθανοίατο
608 1192 635 1248 οἱ
653 1188 777 1248 ἐναντίοι.
822 1191 848 1247 οἱ
869 1189 920 1256 μὲν
937 1188 970 1266 δή

169 1276 257 1332 saffra
285 1277 335 1350 τῆς
363 1273 468 1345 νυκτός,
496 1275 576 1337 οὐδὲν
602 1275 844 1352 ἀποκοιμηθέντες,
866 1302 972 1354 παραρ·

170 1385 276 1421 τεοντο.

212 1454 378 1528 Χρησμοῖσι
405 1451 435 1511 δέ
461 1450 510 1511 οὐκ
538 1451 591 1529 ἐχω
611 1450 767 1533 ἀντιλέγειν
788 1451 822 1514 ῶς
846 1453 895 1512 οὐκ
917 1454 971 1514 εἶσὶ
981 1455 1017 1515 77

171 1535 296 1613 ἀληθέες,
306 1537 339 1597 οὐ
346 1539 523 1616 βουλόμενος
534 1539 666 1619 ἐναργέως
676 1541 811 1620 λέγοντας
821 1542 972 1620 πειρᾶσθαι

172 1625 371 1700 καταβάλλειν,
388 1633 415 1690 ἐς
428 1627 521 1687 τοιάδε
534 1626 686 1708 πρήγματα
701 1630 857 1707 ἐσβλέψας·

214 1727 217 1732 Δ
234 1735 304 1784 Ἀλλ’
321 1738 380 1785 όταν
391 1738 532 1800 Ἀρτέμιδος
549 1739 683 1800 χρυσαόρου
701 1741 762 1800 ίερόν
779 1741 854 1799 ἀκτὴν

237 1810 305 1867 νηυσί
321 1811 489 1872 γεφυρώσωσι,
510 1811 549 1856 καί
567 1811 670 1868 εἰναλίην
689 1811 848 1872 Κυνόσουραν,

237 1880 316 1928 ἐλπίδι
331 1883 459 1942 μαινομένῃ
476 1883 580 1942 λιπαρὰς
598 1883 729 1941 πέρσαντες
746 1883 854 1942 Ἀθήνας,

238 1951 276 2000 δία
293 1953 354 2011 Δίκη
370 1955 471 2015 σβέσσει
489 1955 602 2016 κρατερόν
619 1953 705 2016 Κόραν,
719 1955 815 2018 Ὕβριος
833 1957 887 2016 υίδν,

237 2026 311 2073 δεινόν
326 2029 472 2084 μαιμώοντα,
494 2025 596 2074 δοκεῦντ’
614 2027 658 2074 διὰ
676 2029 756 2075 πάντα
772 2028 888 2076 τίθεσθαι.

237 2098 328 2156 χαλκός
344 2100 393 2160 γὰρ
410 2099 497 2158 χαλκῶ
514 2099 662 2158 συμμίξεται,
684 2100 767 2158 αίματι
784 2099 804 2148 δ’
818 2099 891 2161 Ἄρης

238 2168 324 2216 πόντον
340 2172 446 2230 φοινίξει,
482 2170 531 2218 τότ’
549 2172 672 2233 ἐλεύθερον
686 2173 805 2220 Ἑλλάδος
822 2171 887 2234 ἦμαρ

238 2242 341 2302 εὐρύοπα
358 2243 474 2304 Κρονίδης
491 2244 586 2304 ἐπάγει,
608 2245 647 2290 καί
666 2244 753 2291 πότνια
770 2245 841 2303 Νίκη.

173 2336 200 2394 ἐς
217 2336 331 2393 τοιαῦτα
347 2337 399 2411 μὲν
420 2336 465 2394 καὶ
487 2334 558 2394 οὕτω
579 2335 711 2416 ἐναργέως
732 2337 844 2416 λέγοντι
865 2337 971 2413 Βάκιδι,

172 2419 330 2502 α’ντιλαγίης
343 2428 479 2502 χρησμῶν
491 2425 555 2500 πέρι
572 2421 634 2482 οὔτε
651 2422 733 2487 αότός
752 2425 845 2505 λέγειν
862 2427 972 2503 τολμέω

172 2505 235 2567 οὕτε
248 2509 313 2586 παρ’
327 2509 422 2571 ἄλλων
437 2512 585 2588 ἐνδέκομαι

212 2600 272 2656 Τῶν
286 2598 315 2656 δέ
329 2604 358 2658 ἐν
377 2601 516 2676 Σαλαμῖνι
537 2604 702 2680 στρατηγῶν
723 2601 827 2680 ἐγίνετο
848 2600 971 2677 ὠθισμός
982 2603 1020 2662 78

171 2683 264 2765 λόγων
276 2686 394 2759 πολλός·
423 2686 526 2765 ᾔδεσαν
543 2687 572 2746 δέ
591 2687 669 2756 οὔκω,
683 2686 727 2746 ότι
741 2687 834 2761 σφέας
851 2711 973 2763 περιεκυ-

172 2772 287 2832 κλέοντο
303 2779 372 2853 τῇσι
390 2778 473 2852 νηυσὶ
491 2779 518 2835 οἱ
535 2775 690 2852 βάρβαροι·
720 2772 794 2842 ἀλλ’,
812 2773 906 2852 ῶσπερ
923 2781 973 2850 τῆς

171 2859 276 2938 ἡμέρης
310 2862 385 2940 ὥρων
413 2863 511 2927 αότούς
539 2865 730 2943 τεταγμένους,
764 2861 873 2921 ἐδόκεον
904 2864 973 2922 κατά

170 2947 265 3026 χάρην
284 2950 361 3011 εἶναι.
403 2951 616 3028 Συνεστηκότων
637 2951 667 3010 δὲ
684 2955 738 3010 τῶν
756 2954 928 3030 στρατηγῶν,
944 2953 1019 3022 ἐξ79

171 3038 286 3117 Αἰγίνης
303 3039 386 3117 διέβη
398 3039 573 3118 Ἀριστείδης
586 3038 601 3098 ὁ
615 3039 793 3118 Λυσιμάχου,
808 3037 877 3114 άνήρ
891 3038 973 3116 Ἀθη-

171 3128 248 3190 ναῖος
267 3129 327 3203 μέν,
347 3129 603 3206 ἐξωστρακισμένος
623 3127 652 3184 δὲ
670 3126 724 3185 όπό
741 3132 790 3185 τοῦ
805 3128 902 3204 δήμου·
923 3127 973 3186 τόν

172 3211 227 3290 ε’γῶ
255 3217 393 3292 νενόμικα,
422 3215 625 3289 πυνθανόμενος
659 3213 743 3272 αὐτοῦ
777 3213 826 3272 τόν
859 3212 972 3289 τρόπον,

172 3297 288 3377 όριστον
302 3303 388 3380 ἄνδρα
400 3304 532 3384 γενέσθαι
546 3306 574 3358 ἐν
587 3299 724 3377 Ἀθήνῃσι
735 3302 779 3358 καὶ
790 3299 972 3359 δικαιότατον·
