2276 3554
135 151 276 216 ιιυ-ιω]
449 135 636 203 nomm
891 150 936 204 ιιι

132 233 166 295 τό
183 233 278 311 ὀρθόν,
293 232 358 292 ἀλλ’
377 232 427 292 οὐκ
446 239 474 298 ές
489 234 661 312 Ἀθηναίους,
674 232 939 312 παρασκευάζεσθαι

133 321 172 382 ὧν
184 320 285 385 αόπους
295 321 330 385 οἷς
339 321 572 402 ναυμαχήσοντας
582 322 779 398 συνεβούλευε,
791 320 826 386 ὥς
838 321 939 382 τούτου

134 409 228 473 ἐόντος
246 413 297 470 τοῦ
322 410 433 479 ξυλίνου
459 411 574 489 τείχεος.
615 410 702 488 ταύτῃ
730 410 938 487 Θεμιστοκλέος

134 497 370 574 ἀποφαινομένου,
386 497 530 574 Ἀθηναῖοι
548 498 636 558 ταῦτά
653 505 709 573 σφι
727 499 849 578 ἔγνωσαν
866 501 936 575 αἱρε-

133 585 239 662 πιότερα
253 585 323 644 εἶναι
335 590 448 661 μᾶλλον
460 584 479 662 ή
492 585 528 646 τό
541 591 596 645 τῶν
608 585 826 666 χρησμολόγων·
849 585 876 644 οἳ
889 585 938 646 οὐκ

134 674 184 732 έων
201 674 359 752 ναυμαχίην
377 671 582 751 όρτέεσθαι,
549 701 582 734 το
602 673 688 734 δὲσό
651 699 767 750 συμπαν
784 673 861 742 εἶναι,
876 673 939 733 ουδὲ

133 766 230 840 χεῖρας
256 761 555 839 όνταείρεσθαιόλλα
546 761 747 825 ἐκλιπόντας
770 760 865 841 χιόρην
888 762 939 837 τήν

133 849 264 926 Ἀττικήν
271 849 364 926 αλλην
371 876 432 909 τινα
423 851 561 922 οἰκίζειν.
582 850 682 927 Ἑτέρη
691 877 722 910 τε
732 851 921 926 Θεμιστοκλέῖ
931 853 986 908 144

133 937 231 1019 γνόμη
253 939 398 1015 ἔμπροσθε
418 937 521 1014 ταύτης
543 945 570 1002 ές
591 939 687 1016 καιρόν
706 938 866 1015 ήρίστευσε·
894 937 940 996 ὅτε

133 1025 310 1101 Ἀθηναίοισι
335 1026 491 1106 γενομένων
517 1026 667 1104 χρημάτων
690 1025 821 1106 μεγάλων
848 1029 876 1083 έν
903 1029 941 1103 τῷ

134 1118 223 1193 κοινῷ,
237 1113 274 1173 τό
287 1118 317 1173 έκ
330 1117 385 1175 τῶν
403 1112 553 1189 μετάλλων
569 1121 625 1189 σφι
644 1113 792 1190 προσῆλθε
810 1115 865 1172 τῶν
883 1111 940 1172 dm)

133 1204 280 1280 Λαυρείου,
297 1203 418 1280 ἔμελλον
440 1201 579 1272 λάξεσθαι
595 1201 716 1280 ὀρχηδόν
737 1203 854 1262 ἕκαστος
874 1201 940 1260 δέκα

133 1291 270 1371 δραχμάς·
296 1290 361 1352 τότε
381 1292 590 1367 Θεμιστοκλέης
610 1291 748 1371 ἀνέγνωσε
768 1289 939 1365 Ἀθηναίους,

133 1382 184 1455 τῆς
209 1380 361 1457 διαιρέσιος
393 1379 496 1454 ταύτης
524 1379 720 1454 παυσαμένους
747 1379 809 1441 νέας
835 1377 940 1438 τούτων

133 1472 190 1529 τῶν
201 1468 353 1548 χρημάτων
366 1466 546 1543 ποιήσασθαι
554 1467 707 1542 διηκοσίας,
719 1471 746 1529 ές
755 1466 804 1526 τόν
814 1466 940 1543 πόλεμον

133 1555 183 1616 τόν
206 1557 277 1632 πρός
299 1554 449 1638 Αἰγινήτας
471 1557 570 1637 λέγων·
600 1553 681 1618 οὗτος
701 1554 756 1635 γὰρ
778 1554 795 1614 6
815 1553 940 1631 πόλεμος

134 1645 245 1708 συστοὶς
261 1647 351 1704 έσωσε
367 1644 430 1706 τότε
443 1644 495 1721 τήν
507 1645 642 1716 Ἐλλάδα,
658 1643 819 1723 ἀναγκάσας
833 1645 940 1702 θαλασ-

135 1733 214 1794 σίους
227 1734 360 1812 γενέσθαι
375 1732 548 1808 Ἀθηναίους·
570 1736 599 1791 αἱ
612 1731 642 1790 δὲ
656 1737 682 1793 ἔς
695 1731 727 1790 τό
741 1733 792 1806 μὲν
807 1729 936 1806 ἐποιήθη·

135 1847 192 1880 σαν
212 1819 263 1880 ου’κ
284 1820 475 1900 ἐχρήσθησαν·
504 1825 531 1884 ἐς
553 1821 615 1879 δέον
633 1820 663 1878 δὲ
680 1817 750 1878 οὕτω
766 1845 802 1898 τη
821 1817 941 1877 Ἑλλάδι

135 1909 275 1990 ε’γένοντο·
316 1907 399 1969 αὗταί
418 1935 449 1969 τε
470 1909 505 1985 δή
528 1912 557 1968 αἱ
579 1909 636 1970 νέες
662 1911 739 1967 τοῖσι
765 1905 940 1980 Ἀθηναίοισι

134 1998 354 2074 προποιηθεῖσαι
373 1998 509 2076 ὑπῆρχον,
524 1997 616 2072 ἑτέρας
635 2021 667 2055 τε
688 1995 744 2054 ἔδεε
762 2020 940 2071 προσναυπη-

134 2086 262 2168 γέεσθαι·
283 2085 361 2156 ἔδοξέ
371 2112 402 2145 τε
416 2093 480 2160 σφι,
490 2085 561 2162 μετὰ
575 2083 608 2144 τό
618 2082 792 2163 χρηστήριον
805 2083 941 2158 βουλευο-

134 2176 256 2252 μένοισι,
282 2173 395 2234 ἐπιόντα
422 2175 468 2232 ε’πὶ
493 2175 546 2248 τήν
566 2172 693 2232 Ἑλλάδα
719 2171 769 2232 τόν
789 2169 942 2248 βάρβαρον

136 2262 268 2323 δέκεσθαι
285 2265 354 2340 τῇσι
373 2263 455 2338 νηυσὶ
473 2261 620 2338 πανδημεὶ,
633 2265 672 2341 τῷ
687 2262 740 2340 θεῷ
753 2260 941 2336 πειθομένους,

136 2350 195 2426 ἅμα
221 2349 367 2426 Ἑλλήνων
392 2354 468 2410 τοῖσι
498 2350 711 2426 βουλομένοισι.
762 2347 797 2408 τό
823 2350 875 2424 μὲν
908 2347 942 2424 δή

136 2438 298 2520 χρηστήρια
309 2442 397 2499 ταῦτα
410 2443 486 2499 τοῖσι
498 2439 674 2514 Ἀθηναίοισι
688 2436 822 2518 ἐγεγόνεε.

171 2528 391 2610 Συλλεγομένων
404 2528 433 2586 δὲ
448 2534 475 2590 ές
487 2526 575 2586 τώυτό
589 2531 645 2586 τῶν
658 2526 722 2602 περὶ
735 2523 787 2600 τήν
796 2524 923 2583 Ἑλλάδα
934 2525 990 2580 145

137 2615 337 2693 Ἑλλήνων
298 2642 353 2676 των
371 2641 406 2675 τα
422 2616 524 2691 ἀμείνω
546 2614 727 2690 φρονεόντων,
750 2640 795 2671 και
786 2612 944 2671 διδόντων

137 2706 227 2780 σφίσι
242 2703 331 2786 λόγον
348 2730 393 2762 και
408 2729 512 2772 πιστιν,
532 2703 650 2763 ε’νθαΰτα
669 2700 761 2760 ε’δόκεε
773 2698 943 2776 βουλευομέ-

137 2817 213 2853 νοισι
228 2790 348 2863 αυτοῖσι,
362 2795 472 2868 πρῶτον
490 2817 542 2868 μεν
554 2789 705 2901 χρημάτων
718 2787 828 2848 πάντων
842 2789 943 2846 καταλ·

136 2878 358 2941 λάσσεσθαι’
322 2904 372 2942 τας
392 2903 422 2938 τε
443 2879 545 2958 ἔχθρας
565 2878 610 2936 καὶ
630 2903 695 2940 τους
716 2873 774 2934 κατ’
798 2872 942 2949 ἀλλήλους

138 2968 236 3032 ε’όντας
259 2966 456 3045 πολέμους·’
439 2991 563 3043 ησανε
534 2965 563 3023 δὲ
583 2964 653 3041 πρός
672 2988 748 3025 τινας
770 2961 816 3021 καὶ
839 2960 944 3023 ἄλλους

138 3058 345 3138 ε’γκεχρημένοι,
365 3083 381 3115 ο
373 3054 474 3115 δὲ’
454 3081 491 3114 ων
510 3055 644 3133 μέγιστος
661 3049 838 3125 Ἀθηναιοισί
851 3074 882 3108 τε
900 3049 945 3107 καὶ

138 3143 317 3224 Αἰγινήτῃσι·
344 3169 416 3221 μετα
406 3143 473 3212 δὲ,
495 3138 696 3214 πυνθανόμενοι
713 3134 872 3211 Ξέρξεα
836 3159 890 3193 συν
907 3159 946 3210 τιρ

138 3257 253 3310 στρατῳ
239 3231 335 3293 εἶναι
349 3235 378 3290 έν
392 3229 519 3306 Σάρδισι,
530 3223 738 3299 ἐβουλεύσαντο
753 3216 946 3278 κατασκόπους

138 3343 261 3395 πςμπςηγ
280 3324 308 3382 ἐς
324 3342 376 3395 my
388 3313 490 3387 Ασιην
503 3315 557 3366 τῶν
575 3304 714 3380 βασιλεῦς
726 3327 903 3381 πρηγματων,
918 3325 945 3362 (ἲ
