2258 3568
157 135 172 181 ι
461 133 644 182 Ἦνοιοιοκ
909 135 956 202 [ν.

154 214 207 291 μέν
222 239 271 274 νυν
283 219 334 290 τῆς
345 213 438 293 χώρης
450 214 552 290 ταύτης
563 215 627 291 πέρι
640 214 763 295 λέγεται·
783 215 820 275 τά
832 219 957 293 παραθα-

155 299 267 360 λάσσια
287 301 311 361 δ’
332 301 369 362 ὧν
388 302 473 378 αθιής
492 302 665 384 Μεγάβαζος
681 304 815 380 Περσέων
835 305 958 381 κατήκοα

156 391 256 449 ἐποίεε.

109 480 144 538 ll
197 483 316 556 Δαρεῖος
329 480 366 548 δέ,
381 479 416 542 ὦς
429 478 531 554 διαβάς
544 479 666 558 τάχιστα
679 480 729 540 τόν
741 480 958 556 Ἑλλήσποντον

156 565 271 626 ἆπίκετο
287 573 314 630 ἐς
333 568 442 646 Σάρδις,
460 568 586 645 ἐμνήσθη
604 573 654 644 τῆς
671 569 701 637 ἐξ
715 567 851 628 Ἱστιαίου
864 596 895 629 τε
907 575 958 630 τοῦ

155 657 302 731 Μιλησίου
316 656 482 738 εὐεργεσίης,
497 657 543 715 καὶ
555 661 605 732 τῆς
614 657 794 733 παραινέσιος
806 662 856 716 τοῦ
870 664 957 718 Μυτι-

155 745 272 820 ληναίου
283 744 377 804 Κώεω·
396 744 647 823 μεταπεμψάμενος
660 744 691 803 δέ
704 750 796 819 σφεας
810 749 836 806 ἐς
848 745 956 823 Σάρδις,

155 832 245 892 ἐδίδου
268 833 379 893 αὐτοῖσι
403 835 520 911 οἶρεσινῖ
562 833 578 893 ό
599 835 651 910 μὲν
678 831 712 908 δή
739 832 880 904 Ἱστιαῖος,
909 833 957 894 ἅτε

153 921 323 998 τυραννεύων
345 925 396 997 τῆς
417 921 550 998 Μιλήτου
571 921 730 998 τυραννίδος
753 923 805 997 μέν
829 921 957 1000 οὐδεμιῆς

154 1010 340 1089 προσέχρῃζε·
362 1011 447 1070 αἰτέει
464 1011 493 1068 δέ
510 1009 654 1086 Μύρκινον
661 1009 713 1086 τήν
728 1008 874 1080 Ἠδωνίδα,
888 1013 956 1088 βου-

154 1097 274 1174 λόμενος
287 1105 316 1158 ἐν
324 1098 394 1178 αὐτη
407 1098 492 1159 πόλιν
505 1099 609 1158 κτίσαι.
652 1095 731 1161 οὗτος
744 1100 796 1174 μὲν
807 1097 840 1174 δή
854 1099 958 1176 ταύτην

154 1187 283 1263 αἱρέεται·
305 1187 365 1247 όδὲ
381 1187 472 1264 Κώης,
491 1186 537 1246 οἶά
549 1212 580 1246 τε
594 1185 627 1246 οὐ
639 1186 772 1265 τύραννος
789 1187 911 1265 δημότης
926 1214 958 1248 τε

154 1273 214 1344 ἐών,
239 1277 323 1335 αἰτέει
350 1275 513 1352 Μυτιλήνης
535 1280 728 1357 τυραννεῦσαι.
769 1278 958 1338 τελεωθέντων

153 1362 184 1422 δέ
207 1362 402 1441 ἀμφοτέροισι,
425 1361 503 1424 οὗτοι
523 1366 575 1441 μέν
596 1363 668 1423 κατά
687 1364 722 1424 τά
747 1364 856 1423 εἴλοντο
881 1366 957 1442 ἐτρά-

154 1477 250 1512 ποντο.

107 1542 144 1598 12
195 1544 315 1617 Δαρεῖον
339 1540 368 1599 δέ
392 1539 544 1616 συνήνεικε,
565 1545 683 1620 πρῆγμα
703 1539 811 1600 τοιόνδε
831 1539 958 1617 ἰδόμενον

154 1629 326 1706 ἐπιθυμῆσαι
340 1630 518 1689 ἐντείλασθαι
532 1628 703 1710 Μεγαβάζῳ,
720 1630 844 1692 Παίονας
858 1629 957 1689 ἑλόντα

156 1716 355 1780 ἀνασπάστους
364 1722 483 1792 ποιῆσαι
498 1723 527 1776 ἐκ
541 1722 591 1792 τῆς
601 1716 735 1794 Εὐρώπης
749 1721 776 1779 ἐς
785 1716 837 1792 τήν
846 1715 956 1794 Ἀσίην.

155 1805 190 1881 ἦν
211 1807 320 1888 Πίγρης
342 1808 388 1865 καὶ
408 1805 548 1882 Μαντύης,
569 1805 664 1882 ἄνδρες
685 1806 814 1868 Παίονες·
841 1807 876 1876 οἳ,
898 1808 959 1866 ἐπεί

154 1921 185 1954 τε
212 1899 331 1972 Δαρεῖος
355 1895 437 1972 διέβη
458 1899 486 1957 ἐς
505 1895 557 1970 τήν
576 1894 686 1969 Ἀσίην,
708 1893 788 1952 αὐτοὶ
815 1896 956 1959 ἐθέλοντες

155 1983 284 2043 Παιόνων
307 1982 479 2059 τυραννεύειν
506 1982 683 2042 ἀπικνέονται
709 1987 737 2045 ἐς
764 1983 871 2060 Σάρδις,
899 1982 958 2060 ἅμα

156 2072 288 2152 α’γόμενοι
308 2071 451 2147 ἀδελφεήν
470 2070 598 2152 μεγάλην
618 2097 649 2130 τε
667 2071 713 2130 καὶ
731 2071 844 2130 εὐειδέα·
866 2073 957 2148 φυλά-

154 2162 249 2230 ξαντες
263 2161 293 2218 δὲ
307 2164 427 2237 Δαρεῖον
444 2159 681 2236 προκατιζόμενον
695 2163 723 2221 ἐς
735 2158 768 2218 τό
787 2160 957 2236 προάστειον

153 2249 186 2309 τό
207 2254 262 2309 τῶν
282 2249 387 2318 Λυδῶν,
406 2249 543 2324 ἐποίησαν
563 2248 678 2308 τοιόνδε·
700 2247 888 2312 σκευάσαντες
905 2251 958 2325 τήν

155 2336 297 2414 ἀδελφεήν
316 2337 352 2400 ώς
371 2337 447 2415 εἶχον
461 2336 572 2414 ἄριστα,
587 2337 629 2396 ἐπ’
642 2337 713 2414 ὕδωρ
733 2338 857 2414 ἔπεμπον
870 2336 958 2419 ἄγγος

154 2427 200 2485 ἐπὶ
213 2431 249 2504 τῇ
263 2430 376 2506 κεφαλῇ
395 2427 516 2505 ἔχουσαν
536 2427 581 2484 καὶ
595 2432 625 2485 ἐκ
638 2431 689 2486 τοῦ
701 2427 857 2505 βραχίονος
871 2427 957 2486 ἵππον

154 2515 330 2574 ἐπέλκουσαν
349 2515 395 2574 καὶ
414 2515 581 2575 κλώθουσαν
594 2517 682 2574 λῖνον·
705 2513 740 2577 ώς
753 2514 783 2574 δέ
793 2510 957 2592 παρεξήῖεή

153 2603 231 2684 γυνή,
247 2605 376 2680 ἐπιμελές
385 2607 424 2682 τῷ
435 2605 544 2682 Δαρείῳ
555 2605 673 2684 ἐγένετο·
689 2601 817 2684 οὔτεγὰρ
829 2608 958 2681 Περσικά

153 2690 188 2767 ἦν
209 2691 272 2751 οὔτε
291 2691 380 2750 Λύδια
400 2691 436 2751 τοὶ
456 2691 606 2767 ποιούμενα
622 2696 652 2749 ἐκ
668 2694 718 2766 τῆς
736 2691 873 2772 γυναικός,
894 2690 958 2751 οὐτε

154 2779 226 2858 πρός
242 2785 298 2842 τῶν
311 2785 341 2840 ἐκ
354 2784 405 2856 τῆς
416 2779 517 2855 Ἀσίης
535 2778 672 2855 οὐδαμῶν·
694 2782 825 2856 ἐπιμελὲς
838 2779 868 2838 δέ
881 2779 917 2843 ὥς
931 2783 957 2840 οἳ

155 2871 330 2949 ἐγένετο,τῶν
339 2866 697 2945 δορυφόρωντινάςπέμπει
706 2867 824 2927 κελεύων
832 2867 957 2944 φυλάξαι

155 2957 178 3016 ό
193 2985 221 3018 τι
236 2957 374 3036 χρήσεται
389 2961 428 3036 τῷ
445 2957 519 3035 ἵππῳ
537 2955 556 3031 ή
572 2954 653 3036 γυνή·
675 2958 702 3014 οἱ
718 2957 770 3033 μὲν
786 2950 820 3032 δή
838 2954 958 3017 ὄπισθεν

155 3046 274 3117 εἵποντο,
288 3046 307 3123 ή
323 3046 353 3105 δέ
366 3046 428 3105 ἐπεί
437 3071 468 3104 τε
482 3043 597 3104 ἀπίκετο
617 3044 662 3102 ἐπὶ
675 3043 725 3103 τόν
738 3044 875 3121 ποταμόν,
885 3044 957 3123 ἦρσε

154 3135 204 3196 τόν
231 3136 326 3195 ἵππον·
356 3134 473 3212 ἄρσασα
498 3133 528 3193 δὲ
555 3133 601 3192 καὶ
624 3131 658 3192 τό
679 3132 767 3214 ἄγγος
786 3137 837 3192 τοῦ
858 3131 966 3199 ὕδατος

155 3225 368 3304 ἐμπλησαμένη,
382 3223 434 3301 τήν
451 3221 538 3299 αὐτήν
555 3220 623 3282 όδόν
635 3221 768 3300 παρεξήϊε
782 3224 911 3300 φέρουσα
924 3225 956 3283 τό

152 3313 224 3392 ὕδωρ
245 3315 291 3374 ἐπὶ
311 3318 362 3390 τῆς
382 3315 509 3388 κεφαλῆς
525 3310 572 3370 καὶ
590 3311 750 3370 ἐπέλκουσα
769 3315 799 3370 ἐκ
816 3315 867 3371 τοῦ
885 3313 946 3390 βρα
