2282 3550
168 150 310 214 173—176]
482 131 666 200 nomam.
920 154 967 201 ιιι

167 229 354 305 ἐβουλεύοντο
367 229 437 308 πρδς
452 229 488 290 τά
501 232 638 310 λεχθέντα
653 231 684 300 ἐξ
695 229 891 308 Ἀλεξάνδρου,
904 229 924 310 ᾗ
937 258 968 292 τε

166 318 324 394 στήσονται
343 317 392 379 τόν
414 317 541 397 πόλεμον
565 319 611 378 καὶ
632 323 661 378 ἐν
681 318 768 378 οἶοισι
794 319 921 398 χώροισι·
948 320 967 397 ἧ

166 411 273 466 νικῶσα
300 406 330 465 δὲ
355 405 452 488 γνώμη
484 407 600 488 ἐγένετο,
629 407 680 482 τὴν
707 411 736 466 ἐν
763 407 966 488 Θερμοπύλῃσι

167 493 298 570 ἐσβολὴν
317 494 452 570 φυλάξαι·
476 496 637 572 στεινοτέρη
657 494 713 576 γάρ
734 495 864 570 ἐφαίνετο
880 500 968 556 ἐοῦσα

166 586 216 658 τῆς
229 588 257 646 ἐς
270 584 443 658 Θεσσαλίην,
459 583 504 642 καὶ
517 584 576 660 μία,
591 581 731 664 άγχοτέρη
747 609 778 642 τε
790 587 840 659 τῆς
854 587 968 644 ε’ωυτῶν·

166 669 218 745 τὴν
231 670 261 729 δὲ
275 669 401 746 ἀτραπόν
414 668 448 729 δι’
461 669 497 746 ἣν
514 669 631 746 ἥλωσαν
652 673 679 729 οἶ
695 669 810 733 όλόντες
825 669 970 746 Ἑλλήνων

167 763 196 818 έν
209 759 422 836 Θερμοπύλῃσι,
438 757 501 818 ούδέ
515 756 621 838 ᾔδεσαν
634 762 736 818 ἐοῦσαν
748 757 884 836 πρότερον
896 759 969 838 ἥπερ

167 844 333 924 ἀπικόμενοι
367 852 393 908 ἐς
427 848 613 924 Θερμοπύλας
646 847 782 908 ἐπύθοντο
807 849 968 925 Τρηχινίων·

167 934 271 1010 ταύτην
284 933 322 994 ὦν
335 933 543 1011 ἐβουλεύσαντο
557 935 755 1011 φυλάσσοντες
768 936 819 1012 την
832 935 968 1010 ἐσβολὴν,

167 1022 208 1098 μὴ
224 1023 352 1100 παριέναι
371 1028 398 1086 ἐς
413 1022 464 1098 τήν
482 1023 609 1083 Ἑλλάδα
619 1023 678 1084 ,τόν
697 1023 857 1101 βάρβαρον·
878 1023 927 1082 τόν
940 1023 970 1082 δὲ

169 1111 296 1170 ναυτικόν
316 1111 438 1188 στρατόν
458 1113 554 1172 πλέειν
573 1115 626 1193 γῆς
645 1117 695 1188 τῆς
709 1111 906 1174 Ἱστιαιώτιδος
924 1113 969 1171 ἐπὶ

168 1197 356 1275 Ἀρτεμίσιον·
385 1203 473 1260 ταῦτα
496 1200 551 1282 γάρ
578 1199 669 1282 άγχοῦ
691 1227 722 1260 τε
744 1199 879 1276 ἀλλήλων
900 1201 969 1272 ἐστὶ,

170 1285 242 1346 ὥστε
260 1287 450 1348 πυνθάνεσθαι
471 1289 506 1347 τά
527 1289 597 1347 κατά
618 1290 760 1365 ἑκατέρους
781 1288 869 1348 ἐόντα.
912 1289 1016 1350 Οἷ176

168 1401 199 1434 τε
212 1381 299 1454 χῶροι
314 1375 400 1439 οὕτως
413 1377 519 1455 ἔχουσι·
535 1381 618 1436 τοῦτο
631 1379 691 1453 μὲν,
702 1376 735 1436 τό
748 1375 926 1454 Ἀρτεμίσιον
939 1381 968 1438 ἐκ

168 1467 219 1523 τοῦ
237 1464 376 1545 πελάγεος
395 1469 446 1524 τοῦ
462 1464 594 1542 Θρηῖκίου
614 1465 645 1534 ἐξ
664 1463 756 1541 εύρέος
773 1464 923 1546 συνάγεται
942 1471 969 1530 ἐς

169 1551 280 1612 στεινόν
298 1553 393 1631 πόρον,
410 1551 460 1612 τόν
477 1552 581 1629 μεταξύ
600 1551 679 1612 ἐόντα
697 1551 786 1628 νήσου
800 1579 831 1612 τε
849 1552 969 1616 Σκιάθου

170 1641 216 1698 καὶ
242 1640 359 1718 ἠπείρου
386 1642 563 1722 Μαγνησίης·
599 1646 629 1699 ἐκ
652 1640 682 1699 δέ
708 1643 757 1700 τοῦ
785 1645 894 1701 στεινοῦ
920 1645 970 1716 τῆς

169 1727 296 1804 Εὐβοίης
308 1729 361 1806 ἤδη
374 1729 407 1789 τό
421 1728 600 1806 Ἀρτεμίσιον
613 1729 719 1788 δέκεται
732 1729 868 1810 αἰγιαλός·
890 1735 918 1788 ἐν
931 1729 969 1799 δὲ,

169 1814 332 1894 Ἀρτέμιδος
354 1820 422 1893 ἱρον.
463 1815 530 1892 ήδέ
547 1815 582 1876 αὖ
606 1815 650 1876 διά
668 1820 804 1894 Τρηχῖνος
824 1817 920 1880 ἔσοδος
942 1823 970 1882 ἐς

169 1904 221 1980 τὴν
240 1904 368 1964 Ἑλλάδα
389 1906 458 1974 ἐστι,
478 1909 514 1984 τῇ
535 1904 707 1980 στεινοτάτη,
727 1904 910 1982 ἡμίπλεθρον·
938 1905 970 1966 ού

168 1994 266 2068 μέντοι
280 1993 350 2052 κατὰ
362 1993 446 2054 τοῦτό
459 1992 487 2074 γ’
503 1995 563 2053 ἐστι
575 1993 608 2053 τό
625 1993 802 2052 στεινότατον
814 1997 864 2068 τῆς
879 1993 971 2072 χώρης

93 2094 97 2102 “
169 2085 220 2157 τῆς
245 2082 345 2158 ἄλλης,
372 2080 438 2141 ἀλλ’
466 2081 610 2159 ἔμπροσθέ
634 2107 665 2140 τε
697 2082 898 2158 Θερμοπυλέων
925 2084 971 2142 καὶ

170 2169 283 2230 ὄπισθε·
318 2171 389 2230 κατά
408 2195 439 2230 τε
463 2169 621 2246 Ἀλπηνούς
644 2167 745 2230 ὄπισθε
765 2169 859 2233 ἐόντας
883 2169 970 2231 ἐοῦσα

170 2257 305 2334 α’μαξιτός
324 2257 422 2336 μούνη,
444 2259 490 2317 καὶ
509 2259 651 2335 ἔμπροσθε
669 2258 739 2317 κατά
755 2259 869 2318 Φοίνικα
884 2285 969 2322 ποτα-

169 2345 233 2422 μόν,
247 2345 339 2426 οἷγχοῦ
352 2345 493 2422 Ἀνθηλῆς
506 2345 614 2419 πόλιος,
629 2344 762 2422 άμαξιτδς
778 2345 854 2423 άλλη
870 2347 967 2425 μούνη.

169 2437 225 2494 τῶν
248 2435 278 2493 δέ
302 2435 505 2511 Θερμοπυλέων
528 2434 561 2494 τό
584 2437 637 2510 μὲν
658 2433 728 2510 πρός
754 2435 881 2512 ἑσπέρης,
907 2435 971 2513 ὅρος

169 2521 281 2598 ἄβατόν
303 2549 334 2582 τε
355 2522 401 2580 καὶ
422 2521 613 2598 ἀπόκρημνον,Ι
636 2521 754 2600 ύψηλδν,
778 2523 920 2583 ἀνατεῖνον
943 2529 971 2586 ἐς

169 2611 222 2687 τῆν
239 2611 336 2686 Οἴτην·
356 2609 389 2670 τό
406 2611 436 2669 δέ
453 2611 523 2686 πρός
544 2610 595 2685 τὴν
612 2610 653 2686 ἠῶ
674 2615 724 2686 τῆς
741 2611 815 2684 ὁδοῦ,
835 2611 971 2670 θάλασσα

170 2698 333 2758 ὑποδέκεται
349 2699 395 2757 καὶ
409 2697 536 2780 τενάγεα·
558 2700 618 2758 ἐστι
637 2698 666 2757 δέ
683 2703 712 2758 ἐν
730 2701 765 2776 τῇ
782 2697 869 2776 ἐσόδῳ
885 2697 972 2777 ταύτῃ

170 2787 261 2866 θερμά
281 2787 395 2864 λουτρά,
415 2785 451 2846 τά
472 2785 598 2864 Χύτρους
619 2788 752 2846 καλέουσι
772 2789 799 2844 οἱ
820 2785 969 2864 ἐπιχώριοι,

170 2877 217 2935 καὶ
235 2874 333 2953 βωμός
350 2875 456 2953 ἵδρυται
468 2875 625 2952 Ἡρακλέος
641 2873 682 2934 ἐπ’
696 2872 817 2933 αύτοῖσι·
839 2873 971 2952 ἐδέδμητο

170 2963 201 3024 δέ
225 2968 319 3043 τεῖχος
345 2963 415 3023 κατά
443 2963 543 3026 ταύτας
568 2963 618 3026 τάς
644 2960 780 3037 ἐσβολάς,
807 2961 853 3020 καὶ
879 2961 912 3021 τό
937 2988 972 3043 γε

170 3052 293 3112 παλαιόν
305 3050 394 3111 πύλαι
408 3056 525 3128 ἐπῆσαν·
547 3051 656 3127 ἔδειμαν
670 3051 699 3108 δὲ
715 3050 821 3112 Φωκέες
834 3050 866 3109 τό
880 3053 973 3128 τεῖχος

171 3141 320 3209 δείσαντες,
334 3141 394 3198 ἐπεὶ
407 3140 556 3198 Θεσσαλοὶ
567 3137 657 3213 ἦλθον
671 3144 700 3194 ἐκ
711 3142 885 3212 Θεσπρωτῶν
899 3136 972 3210 οἰκή-

171 3253 270 3291 σοντες
282 3231 336 3308 γῆν
351 3227 403 3303 τὴν
417 3226 543 3297 Αἰολίδα,
558 3223 661 3298 τήνπερ
681 3227 728 3280 νῦν
747 3224 882 3280 ἐκτέαται.
923 3221 973 3280 ἅτε

171 3315 206 3393 δη
240 3316 414 3394 πειρωμένων
447 3317 502 3373 τών
535 3312 692 3370 Θεσσαλῶν
726 3307 975 3384 καταστρέφεσθαί
