2258 3568
136 97 280 164 1⁰4-107]
438 101 642 150 ΤΕΡΨῙΧΟΡΗ.
914 100 942 146 51

135 181 320 260 προκειμένου
334 183 407 264 αὐτῷ
416 189 447 248 ’ές
456 184 516 260 τρὶς
526 181 661 242 ἑκάστοτε
672 184 768 240 εἰπεῖν·
782 189 801 216 “
809 179 943 250 δέσποτα,

134 271 241 348 μέμνεο
260 274 316 332 τῶν
332 269 512 350 Ἀθηναίων.”
528 269 698 346 Προστόξας
712 269 850 339 δὲταῦτα,
866 269 925 328 εἶπε
937 270 992 329 106

136 359 264 424 καλέσας
291 365 319 424 ἐς
346 360 412 439 ὄψιν
431 361 567 420 Ἱστιαῖον
587 357 637 418 τόν
664 362 819 434 Μιλήσιον,
842 356 903 440 [τόν
930 356 946 416 ό

137 452 258 524 Δαρεῖος
276 453 387 528 κατεῖχε
400 448 504 528 χρόνον
517 445 571 523 ἤδη
584 445 716 528 πολλόν]
736 457 753 480 “
762 445 945 523 πυνθάνομαι,

134 535 263 606 Ἱστιαῖε,Ι
272 538 422 615 ἐπίτροπον
432 536 481 597 τόν
492 535 547 595 σόν
557 538 595 614 τῷ
604 533 642 594 σύ
653 535 785 610 Μίλητον
793 535 947 612 ἐπέτρεψας

135 623 257 702 νειότερα
275 630 303 689 ἐς
319 628 367 702 ἐμέ
383 625 565 700 πεποιηκέναι
584 621 748 704 πρήγματα·
773 621 873 700 ἄνδρας
890 621 946 704 γιίρ

135 737 187 789 μοι
201 717 232 772 ἐκ
245 717 295 790 τῆς
309 714 404 792 ἑτέρης
419 713 536 790 ἠπείρου
551 709 708 792 ἐπαγαγῶν,
725 709 877 774 καὶἾωνας
893 709 947 770 σόν

136 799 365 872 αὖτυῖσι,-’-τούς
375 802 517 864 δώσοντας
531 800 593 876 ἐμοὶ
607 799 685 874 δίκην
694 803 749 858 τῶν
760 799 946 875 ἐποίησαν,-

135 887 253 952 τοότους
261 889 424 971 ἀναγνώσας
432 888 491 967 ἅμα
501 889 631 948 ἐκείνοισι
642 887 769 958 ἔπεσθαι,
779 888 903 965 Σαρδίων
909 914 946 966 με

136 975 322 1055 ἀπεστέρηκε·
355 984 403 1039 νῦν
420 978 457 1038 ῶν
480 981 532 1040 κῶς
551 1002 595 1036 τοι
616 975 745 1051 φαίνεται
765 981 853 1036 ταῦτα
874 978 947 1058 ἔχειν

137 1069 244 1136 καλῶς;
266 1071 319 1130 κῶς
333 1066 355 1126 δ’
370 1065 434 1127 όνευ
447 1071 502 1126 τῶν
523 1069 582 1126 σῶν
602 1063 804 1141 βουλευμάτων
819 1065 946 1126 τοιοῦτόν

136 1178 166 1212 τι
190 1153 330 1232 ἐπρήχθη;
356 1153 408 1232 όρα
428 1153 468 1232 μή
490 1153 521 1223 ἐξ
540 1153 659 1230 ὑστέρης
680 1151 802 1212 σεωυτόν
823 1157 852 1211 ἐν
872 1153 946 1232 αἰτίῃ

137 1238 240 1318 σχῇς.”
260 1241 319 1300 εἶπε
330 1243 400 1320 πρός
410 1247 498 1302 ταῦτα
511 1241 527 1302 ό
539 1241 681 1303 Ἱστιαῖος·
697 1251 714 1276 “
721 1241 856 1317 βασιλεῦ,
870 1245 947 1302 κοῖον

138 1329 281 1409 ἐφθέγξαο
292 1331 371 1400 ἐπος;
387 1327 435 1407 ἐμὲ
445 1333 605 1408 βουλεῦσαι
615 1333 741 1410 πρῆγμα,
754 1333 783 1388 ἐκ
793 1333 844 1389 τοῦ
857 1331 908 1389 σοί
918 1357 946 1390 τι

136 1414 156 1491 ἢ
168 1417 245 1499 μέγα
257 1416 276 1495 ή
289 1419 410 1496 σμικρόν
423 1421 527 1496 ἔμελλε
537 1417 664 1496 λυπηρόν
674 1417 866 1497 όνασχήσειν;
880 1419 911 1478 τί
921 1419 945 1478 δ’

137 1503 173 1564 ἂν
192 1506 382 1583 ἐπιδιζήμενος
399 1507 521 1584 ποιέοιμι
536 1511 636 1575 ταῦτα;
665 1510 713 1566 τεῦ
730 1506 760 1565 δέ
777 1507 869 1583 ἐνδεής
885 1507 945 1579 ἐῶν,

136 1597 177 1672 τῷ
189 1595 268 1672 πόρα
277 1599 329 1673 μὲν
342 1595 433 1656 πιίντα
444 1595 501 1656 ὅσα
514 1621 567 1673 περ
581 1595 638 1664 σοὶ,
653 1594 763 1654 πόντων
773 1595 803 1654 δὲ
813 1595 884 1674 πρός
894 1597 946 1656 σέο

137 1683 343 1760 βουλευμάτων
365 1684 510 1744 ἐπακούειν
531 1683 678 1760 ἅξιεῦμαις
708 1681 774 1742 ἀλλ’
797 1684 822 1742 εἴ
843 1709 896 1761 περ
918 1709 946 1744 τι

137 1776 267 1832 τοιοῦτον
285 1772 344 1832 οἶον
360 1772 397 1832 σι)
416 1773 525 1850 εἴρηκας
539 1772 664 1850 πρήσσει
678 1771 694 1832 ό
709 1773 774 1848 ἐμός
788 1773 945 1848 ἐπίτροπος,

139 1859 201 1921 ἴσθι
208 1859 293 1920 αὐτόν
303 1861 345 1920 ἐπ’
354 1865 455 1921 έωυτοῦ
463 1861 646 1938 βαλλόμενον
653 1860 835 1939 πεπρηχέναι·
856 1859 946 1940 α’ρχήν

138 1948 169 2007 δέ
183 1950 270 2030 ἔγωγε
284 1949 346 2009 οὐδὲ
360 1950 504 2028 ἐνδέκομαι
517 1949 566 2010 τόν
580 1947 676 2030 λόγον,
688 1947 757 2012 ὅκως
766 1974 794 2007 τι
804 1948 945 2024 Μιλήσιοι

139 2038 187 2096 καὶ
200 2036 217 2097 ό
231 2037 297 2114 ἐμός
307 2039 454 2114 ἐπίτροπος
465 2037 597 2115 νεώτερον
606 2037 773 2114 πρήσσουσι
783 2038 847 2114 περὶ
857 2037 945 2118 πρήγ-

138 2152 216 2201 ματα
228 2126 265 2185 τό
278 2126 327 2185 σό·
349 2131 373 2186 εἰ
386 2126 409 2186 δ’
424 2125 478 2204 ἄρα
495 2153 523 2187 τι
540 2129 652 2186 τοιοῦτο
666 2129 788 2188 ποιεῦσι,
803 2126 848 2184 καὶ
863 2125 899 2186 m)
912 2125 946 2186 τό

139 2215 185 2275 ἐόν
200 2215 330 2291 ἀκήκοας,
346 2215 366 2274 ῶ
380 2217 513 2290 βασιλεῦ,
528 2213 601 2293 μόθε
615 2214 673 2273 οἶον
687 2218 805 2294 πρῆγμα
821 2214 946 2296 ἐργάσαο

139 2306 189 2380 ἐμὲ
202 2302 259 2363 όπό
275 2303 425 2378 θαλιίσσης
440 2302 625 2362 ἀνάσπαστον
638 2301 769 2378 ποιήσας·
785 2302 878 2366 Ἴωνες
890 2303 946 2384 γὰρ

139 2392 244 2461 οἴκασι,
265 2395 332 2467 ἐμεῦ
352 2391 383 2461 ἐξ
402 2390 561 2468 ὀφθαλμῶν
580 2397 636 2466 σφι
649 2390 809 2472 γενομένου,
826 2395 946 2467 ποιήσαι

138 2483 194 2539 τῶν
206 2479 297 2538 πόλοι
317 2473 412 2557 ἵμερον
431 2479 518 2558 εἶχον·
540 2479 605 2556 ἐμέο
619 2478 641 2537 δ’
655 2477 689 2538 ἂν
707 2477 800 2542 ἐόντος
814 2485 843 2539 ἐν
855 2479 946 2558 Ἰωνίῃ

139 2566 255 2643 οὐδεμία
273 2567 356 2631 πόλις
372 2562 532 2643 όπεκίνησε·
554 2570 602 2626 νῦν
621 2566 657 2626 ῶν
672 2565 707 2630 ῶς
725 2567 812 2646 τόχος
825 2596 861 2646 με
875 2567 946 2644 ἄφες

138 2656 310 2732 πορευθῆναι
324 2661 351 2719 ἐς
363 2655 478 2732 Ἰωνίην,
496 2656 540 2716 ἵνα
560 2682 604 2716 τοι
625 2655 701 2716 κεῖνό
721 2681 752 2716 τε
771 2656 862 2716 πάντα
881 2683 945 2716 κατ-

138 2744 247 2820 αρτίσω
260 2749 287 2807 ἐς
299 2743 397 2815 τῶυτό,
412 2744 458 2802 καὶ
470 2743 667 2822 τόν,Μιλήτου
681 2744 833 2821 ἐπίτροπον
846 2747 946 2804 τοῦτον

138 2829 190 2892 τόν
198 2835 287 2892 ταῦτα
296 2832 534 2911 μηχανησάμενον
545 2834 731 2913 ἐγχειρίθετον
742 2833 866 2910 παραδῶ·
880 2836 944 2892 ταῶ-

138 2946 175 2980 τα
196 2920 226 2979 δὲ
247 2921 318 2981 κατὰ
338 2919 402 2981 νόον
422 2919 472 2982 τόν
492 2920 546 2982 σόν
563 2922 692 2997 ποιήσας,
713 2921 791 2984 θεοὺς
809 2919 946 2997 ἐπόμνυμι

138 3009 206 3072 ταῶς
226 3009 406 3085 βασιληίους,
419 3009 459 3087 μή
476 3012 528 3087 μέν
546 3009 682 3087 πρότερον
704 3008 877 3069 ἐκδύσασθαι
897 3009 947 3070 τόν

139 3097 212 3176 έχων
232 3098 335 3157 κιθῶνα
356 3098 558 3176 καταβήσομαι
579 3103 606 3160 ές
625 3097 740 3169 Ἰωνίην,
761 3099 827 3173 πρὶν
848 3095 882 3155 ι’ίν
902 3123 947 3156 τοι

140 3183 241 3262 Σαρδῶ
261 3187 349 3260 νῆσον
369 3185 420 3261 τήν
441 3186 578 3266 μεγίστην
599 3183 785 3259 δασμοφόρον
809 3183 946 3258 ποιήσω.”

138 3273 274 3336 Ἱστιαῖος
286 3274 338 3349 μὲν
351 3273 385 3348 δή
398 3275 489 3354 λέγων
502 3276 590 3332 ταῦτα
603 3271 749 3344 διέβαλλε·
765 3273 883 3344 Δαρεῖος
895 3271 925 3328 δὲ
935 3272 990 3328 107
