2276 3554
182 144 292 210 47-50]
493 127 676 192 τιοιτιιυικ.
935 145 982 190 143

181 231 232 301 τῆς
255 225 405 299 θαλάσσης
429 225 491 282 ἐστὶ
515 223 601 298 λιμὴν
624 226 760 286 τοσοῦτος
783 221 925 299 οὐδαμόθι,
948 223 983 286 ὦς

181 314 236 394 ἐγιδ
261 312 363 384 εἰκάζω,
386 310 464 374 ὅστις
486 313 660 392 ἐγειρομένου
680 315 815 390 χειμῶνος
836 311 983 388 δεξάμενός

180 427 232 460 σευ
254 405 336 460 τοῦτο
357 399 390 460 τό
412 399 548 470 ναυτικόν,
566 400 719 480 φερέγγυος
740 401 819 459 ἐσται
842 399 982 459 διασῶσαι

179 490 228 552 τάς
252 490 322 552 νέας·
345 489 394 548 καί
411 515 456 548 τοι
475 487 536 547 οὐκὶ
555 489 602 547 ἕνα
621 487 704 547 αὐτόν
721 488 763 546 δεῖ
774 487 852 552 ,εἶναι
871 489 921 548 τόν
938 492 981 548 λι-

179 580 258 653 μένα,
281 576 359 636 α’λλά
379 577 455 654 παρά
479 581 575 636 πᾶσαν
593 576 643 652 τὴν
662 575 784 653 ἤπειρον,
803 575 868 654 παρ’
881 575 923 652 ’ἦν
945 577 979 653 δὴ

179 668 298 742 κομίεαι·
321 665 370 725 οὔκ
393 665 429 725 ὧν
473 665 481 686 “
501 664 599 724 ἐόντων
619 691 663 724 τοι
684 665 803 741 λιμένων
823 663 981 735 ὑποδεξίων,

177 755 252 831 μάθε
271 754 314 814 ὅτι
335 758 363 812 αἱ
382 754 528 831 συμφοραὶ
546 757 601 812 τῶν
622 752 772 829 ἀνθρώπων
793 752 913 831 ἄρχουσι
934 754 980 812 καὶ

178 842 239 901 οὐκὶ
262 843 405 919 ὥνθρωποι
418 846 472 902 τῶν
487 843 665 918 συμφορέων
687 841 733 900 καὶ
746 833 781 911 δὴ
794 845 848 900 τῶν
869 841 917 900 δύο
937 867 981 900 τοι

176 935 228 990 τοῦ
252 932 345 1008 ἐτέρου
368 931 518 1008 εἰρημένου,
533 929 566 989 τό
588 929 680 1006 ἕτερον
702 931 818 1008 ἔρχομαι
832 930 922 1006 ε’ρέων·
943 933 982 1010 γῆ

177 1019 213 1094 δή
226 1020 349 1096 πολεμίη
363 1019 430 1096 τῇδέ
443 1045 487 1077 τοι
501 1019 674 1077 κατίσταται·
697 1021 720 1076 εί
735 1017 827 1076 ἐθέλοι
840 1043 884 1076 τοι
894 1017 981 1093 μηδὲν

176 1105 305 1178 ἀντίξοον
327 1111 506 1182 καταστῆναι,
521 1106 648 1184 τοσούτῳ
661 1133 706 1165 τοι
718 1106 824 1187 γίνεται
844 1109 981 1182 πολεμιω·

176 1197 244 1272 τέρη
263 1195 322 1276 ὅσῳ
344 1194 377 1256 ἂν
400 1196 555 1273 προβαίνῃς
579 1195 725 1271 ἑκαστέρω,
749 1193 782 1253 τό
804 1193 902 1270 πρόσω
927 1195 980 1252 αἰεὶ

177 1285 373 1361 κλεπτόμενος.
406 1283 553 1360 εὐπρηξίης
576 1283 631 1364 γάρ
659 1281 708 1341 οὐκ
733 1283 793 1342 ἐστι
817 1281 989 1360 ἀνθρώποισι

177 1371 292 1448 οὐδεμία
314 1372 458 1449 πληθώρη.
502 1373 548 1430 καὶ
562 1371 595 1448 δή
609 1398 660 1442 τοι,
676 1370 711 1434 ὦς
726 1370 835 1434 οὗδενὸς
849 1375 980 1431 ἐναντιευ-

175 1461 269 1536 μένου,
297 1462 371 1542 λέγω
395 1461 446 1536 την
470 1459 562 1539 χάρην
586 1465 694 1519 πλεῦνα
719 1465 747 1520 ἐν
769 1465 867 1520 πλεῦνι
889 1459 981 1540 χρόνῳ

175 1550 326 1628 γινομένην
350 1548 435 1625 λιμόν
459 1549 597 1618 τέξεσθαι.
640 1547 709 1625 ἀνὴρ
734 1549 762 1607 δὲ
787 1547 856 1607 οὕτω
879 1547 913 1608 ἂν
938 1549 980 1626 εἴη

176 1635 299 1713 ἀριστος,
321 1643 344 1696 εἰ
361 1637 567 1714 βουλευόμενος
584 1639 636 1713 μὲν
657 1634 796 1713 ἀρρωδέοι,
814 1641 870 1696 πᾶν
889 1640 979 1695 ε’πιλε-

174 1724 295 1805 γόμενος
316 1727 467 1785 πείσεσθαι
487 1729 592 1804 χρῆμα,
615 1730 644 1784 ἐν
668 1724 697 1782 δέ
717 1729 756 1804 τῷ
779 1725 848 1804 ἔργῳ
871 1724 977 1800 θρασύς

176 1812 245 1888 εἶη.”
286 1812 451 1891 Ἀμείβεται
473 1813 578 1889 Ξέρξης
599 1811 704 1873 τοῖσδε·
729 1812 922 1890 “Ἀρτάβανε,
942 1817 978 1872 οἰ-
988 1816 1027 1871 50

177 1900 264 1965 κότως
276 1906 327 1979 μὲν
341 1903 423 1983 σύγε
437 1901 540 1961 τούτων
554 1903 660 1960 ἕκαστα
676 1901 801 1978 διαιρέαι·
824 1899 893 1976 ἀτάρ
909 1900 980 1976 μήτε

175 1989 268 2049 πάντα
283 1992 384 2066 φοβέο,
401 1990 472 2067 μήτε
491 1994 547 2048 πᾶν
566 1989 667 2066 ὁμοίως
681 1991 818 2070 ἐπιλέγεο·
841 1993 865 2047 εἰ
877 1987 932 2068 γάρ
945 1989 979 2066 δὴ

174 2077 298 2154 βοόλοιο
318 2079 362 2136 ἐπὶ
376 2083 414 2157 τῷ
427 2079 479 2136 αίεὶ
494 2078 708 2157 ἐπεσφερομένῳ
721 2077 865 2158 πρήγματι
878 2075 910 2135 τό
923 2080 980 2138 πᾶν

175 2167 278 2240 ὁμοίως
301 2167 489 2248 ἐπιλέγεσθαι,
519 2165 666 2241 ποιήσειας
693 2163 726 2225 ἂν
754 2165 862 2242 οὐδαμά
890 2163 977 2226 οὐδέν·

175 2256 301 2332 κρέσσον
328 2255 357 2314 δὲ
385 2255 476 2314 πάντα
503 2254 659 2331 θαρσέοντα
685 2252 775 2330 ἥμισυ
802 2257 856 2313 τῶν
886 2253 979 2315 δεινῶν

174 2342 299 2422 πάσχειν
316 2348 437 2420 μᾶλλον,
452 2341 471 2416 ἣ
484 2347 541 2401 πᾶν
554 2347 651 2421 χρῆμα
671 2343 902 2420 προδειμαίνοντα
923 2369 975 2419 μη-

175 2430 251 2508 δαμά
271 2432 357 2507 μηδὲν
375 2433 484 2490 παθεῖν·
507 2431 573 2490 εἰδὲ
587 2431 681 2507 ἐρίζων
696 2430 767 2508 πρός
779 2436 836 2491 πᾶν
849 2431 882 2491 τό
897 2431 978 2512 λεγό-

174 2545 268 2596 μενον,
283 2519 324 2596 μή
341 2519 373 2579 τό
387 2521 511 2596 βέβαιον
531 2518 682 2588 ἀποδέξεις,
696 2518 884 2595 σφάλλεσθαι
903 2519 978 2595 ὀφεί-

174 2613 235 2671 λεις
259 2613 288 2668 ἐν
311 2607 423 2667 αὐτοῖσι
447 2607 548 2684 ὁμοίως
571 2607 616 2666 καὶ
640 2606 656 2668 ό
680 2607 828 2667 ὑπεναντία
851 2607 977 2666 τούτοισι

174 2696 268 2765 λέξας.
310 2701 392 2756 τοῦτο
412 2697 464 2773 μέν
485 2723 532 2756 νυν
554 2696 652 2769 ἐπίσης
674 2696 739 2774 ἔχει·
763 2695 861 2754 εἰδέναι
882 2694 912 2752 δέ
932 2693 977 2754 άν-

175 2785 288 2862 θρωπον
307 2783 386 2844 ἐόντα
408 2789 460 2848 κῶς
479 2783 535 2862 χρὴ
555 2782 588 2844 τό
607 2785 747 2860 βέβαιον;
771 2782 855 2842 δοκέω
868 2784 920 2858 μὲν
933 2781 978 2841 οό-

174 2872 277 2950 δαμιῧς.
319 2877 395 2932 τοῖσι
416 2874 509 2932 τοίνυν
530 2873 734 2949 βουλομένοισι
755 2871 866 2940 ποιέειν,
889 2868 924 2932 ὥς
944 2868 977 2929 τό

174 2962 278 3021 ἐπίπαν
292 2963 385 3038 φιλέει
398 2962 527 3042 γίνεσθαι
539 2960 575 3020 τό
589 2961 694 3038 κέρδεα·
716 2963 792 3020 τοῖσι
806 2959 835 3018 δέ
849 2962 975 3040 ἐπιλεγο-

174 3051 289 3127 μένοισί
298 3075 329 3109 τε
342 3049 434 3109 πάντα
448 3050 493 3108 καὶ
507 3049 626 3123 όκνεῦσι,
642 3047 674 3108 οὔ
688 3048 768 3124 μάλα
782 3045 881 3107 ἐθέλει.
911 3045 978 3126 ὁρᾷς

174 3137 210 3197 τά
223 3139 358 3216 Περσέων
378 3137 529 3218 πρήγματα
551 3142 578 3199 ές
592 3136 608 3195 ό
621 3135 751 3211 δυνάμιος
769 3134 975 3210 προκεχώρηκε·

175 3231 199 3286 εἶ
221 3231 315 3286 τοίνυν
337 3231 435 3285 ἐκεῖνοι
459 3228 486 3284 οἱ
506 3222 561 3300 πρό
584 3227 648 3298 ἐμεῦ
671 3221 815 3301 γενόμενοι
839 3220 976 3294 βασιλέες

175 3314 305 3396 γνάμησι
324 3315 453 3391 ἐχρέοντο
472 3311 588 3388 ὁμοίῃσι
608 3309 653 3366 καὶ
672 3305 750 3381 σιλῆ
770 3306 810 3382 μὴ
831 3305 977 3383 χρεόμενοι
