2250 3552
171 65 178 84 ι

154 136 263 201 νο-νο]
460 138 647 188 mmmm.
695 163 701 212 .‘
908 140 955 188 ιιι

153 219 206 294 μὲν
219 215 310 276 οὐδενὶ
326 217 380 296 ἔχω
397 215 646 297 ἀποσημήνασθαι,
661 217 791 297 (ἅπαντες
807 228 863 299 γὰρ
880 217 957 278 οὗτοι

154 304 218 368 τούς
233 303 292 363 κατ’
306 303 423 368 ἐωυτοάς
433 306 547 385 ἐνίκων,)
558 305 601 366 ὅτι
610 305 640 366 δέ
651 307 721 366 κατοὶ
730 306 764 366 τό
777 306 958 385 ἰσχυρότερον

153 393 406 471 προσενείχθησαν,
421 393 467 452 καὶ
476 393 581 454 τούτων
592 393 758 472 ἐκράτησαν.
786 395 832 453 καὶ
842 393 957 472 ἀριστος

153 482 264 561 ἐγένετο
280 485 377 560 μακρῷ
394 480 599 559 Ἀριστόδημος
618 482 688 542 κατοῖ
701 482 813 564 γνώμας
825 482 877 546 τάς
889 482 956 560 ἤμε·

152 569 243 646 τέρας·
271 568 301 631 ὃς
321 574 351 628 ἐκ
372 571 576 647 Θερμοπυλέων
596 575 698 647 μοῦνος
713 574 768 630 τῶν
787 571 954 648 τριηκοσίων

153 658 262 730 σωθεὶς,
289 657 346 736 εἶχε
373 655 476 721 ὄνειδος
500 658 546 716 καὶ
566 657 687 740 ἀτιμίην·
714 658 785 734 μετά
807 659 836 717 δὲ
856 661 956 720 τοῦτον

152 743 325 821 ἠρίστευσαν
337 744 525 808 Ποσειδώνιός
537 772 568 805 τε
582 747 628 804 καὶ
637 745 781 805 Φιλοκύων
792 747 838 804 καὶ
849 745 956 824 Ἀμομ·

154 831 275 909 φάρετος
288 833 304 892 ὁ
319 833 504 911 Σπαρτιήτης·
528 834 626 904 καίτοι,
639 835 788 915 γενομένης
804 833 912 913 λέσχης
925 834 956 899 ὃς

152 922 262 1000 γένοιτο
284 920 374 982 αὐτῶν
395 921 518 998 ἄριστος,
542 923 666 1004 ἔγνωσαν
688 924 714 980 οἱ
736 921 956 1002 παραγενόμενοι

154 1010 357 1087 Σπαρτιητέων,
367 1009 574 1087 Ἀριστόδημον
582 1013 634 1086 μὲν
644 1010 820 1087 βουλόμενον
831 1015 956 1087 φανερῶς

153 1095 303 1158 ἀποθανεῖν
323 1104 353 1158 ἐκ
371 1103 422 1175 τῆς
434 1098 594 1176 παρεούσης
608 1102 635 1158 οἱ
648 1099 744 1173 αἰτίης,
759 1098 911 1158 λυσσῶντά
924 1125 954 1158 τε

154 1187 198 1243 καὶ
216 1185 368 1247 ἐκλιπόντα
385 1187 437 1263 τήν
452 1186 530 1257 τάξιν
547 1188 615 1268 ἔργα
628 1185 820 1254 ἀποδέξασθαι
831 1185 953 1266 μεγάλα·

154 1272 342 1334 Ποσειδώνιον
359 1275 396 1345 δὲ,
411 1275 443 1334 οὐ
460 1274 638 1352 βουλόμενον
657 1273 853 1350 ἀποθνήσκειν,
868 1272 954 1351 ἄνδρα

152 1363 284 1442 γενέσθαι
311 1362 427 1445 α’γαθόν·
462 1363 588 1442 τοσούτῳ
615 1367 715 1423 τοῦτον
741 1363 810 1422 εἶναι
843 1362 954 1440 ἀμείνω.

153 1449 230 1510 ἀλλά
243 1456 332 1512 ταῦτα
344 1455 396 1529 μὲν
410 1454 455 1512 καὶ
469 1451 565 1532 φθόνῳ
579 1451 612 1511 ἀν
627 1453 738 1512 εἴποιεν·
760 1449 836 1512 οὗτοι
849 1451 879 1511 δέ
891 1452 955 1516 τούς

153 1540 288 1610 κατέλεξα
301 1539 409 1610 πάντες,
421 1541 497 1616 πλήν
510 1539 723 1618 Ἀριστοδήμου,
734 1543 789 1601 τῶν
802 1539 954 1600 ἀποθανόν-

152 1652 205 1685 των
219 1632 249 1686 ἐν
260 1628 348 1706 ταύτῃ
361 1630 397 1707 τῇ
410 1628 489 1708 μάχῃ
501 1630 589 1706 τίμιοι
600 1629 736 1709 ἐγένοντο·
749 1628 955 1706 Ἀριστόδημος

152 1713 190 1784 δέ,
217 1715 393 1792 βουλόμενος
427 1717 576 1778 ἀποθανεῖν
602 1716 646 1775 διά
673 1716 725 1791 τήν
751 1717 953 1793 προειρημένην

152 1805 250 1879 αἰτίην,
265 1802 314 1862 οόκ
326 1804 453 1880 ἐτιμήθη.

193 1889 280 1951 Οὗτοι
297 1894 348 1968 μὲν
366 1896 421 1952 τῶν
434 1896 463 1951 ἐν
477 1893 643 1971 Πλαταιῇσι
661 1890 883 1970 ὀνομαστότατοι
897 1893 953 1972 ἐγέ-
963 1894 1001 1953 72

152 2005 241 2039 νοντο·
272 1979 472 2058 Καλλικράτης
492 1983 547 2060 γάρ
569 1981 618 2049 ἐξω
635 1973 692 2056 ’τῆς
711 1979 803 2058 μάχης
824 1979 952 2049 ἀπέθανε,

153 2069 241 2128 ἐλθιδν
259 2067 329 2145 ἀνήρ
347 2067 501 2131 κάλλιστος
520 2073 546 2130 ἐς
564 2069 597 2127 τὸ
616 2066 806 2144 στρατόπεδον
823 2071 877 2126 τῶν
888 2067 953 2127 τότε

151 2155 304 2233 Ἑλλήνων,
320 2156 352 2215 οὗ
370 2156 456 2233 μόνον
477 2155 565 2215 αὐτῶν
579 2155 804 2232 Λακεδαιμονίων
817 2153 893 2214 ἀλλά
907 2157 953 2215 καὶ

150 2249 206 2306 τῶν
218 2244 315 2306 ἀλλων
332 2245 486 2321 Ἑλλήνων·
507 2244 546 2313 ὃς,
564 2245 657 2320 ἐπειδή
672 2245 859 2326 ἐσφαγιάζετο
874 2250 956 2303 Παυ-

151 2335 257 2409 σανίης,
269 2333 421 2410 κατήμενος
434 2339 463 2394 ἐν
475 2336 511 2412 τῇ
524 2333 587 2402 τάξι
600 2333 793 2410 ἐτρωματίσθη
805 2331 960 2410 τοξεύματιΙ

151 2421 185 2480 τά
203 2421 322 2499 πλευρά·
351 2423 396 2480 καὶ
415 2421 449 2497 δή
463 2425 490 2480 οἶ
507 2423 559 2498 μὲν
577 2420 723 2501 ἐμάχοντο,
739 2421 755 2482 ό
775 2420 797 2480 δ’
816 2421 953 2502 ἐξενηνεγ-

150 2511 232 2586 μένος
250 2510 434 2570 ἐδυσθανάτεέ
454 2536 485 2569 τε
504 2510 549 2568 καὶ
571 2511 650 2591 ἕλε’γε
669 2510 739 2587 πρός
755 2509 951 2587 Ἀρίμνηστον,

151 2596 236 2675 ἄνδρα
250 2599 405 2669 Πλαταιέα,
420 2597 452 2657 οὐ
465 2599 562 2674 μέλειν
576 2601 602 2657 οἶ
616 2597 659 2658 ὅτι
675 2599 730 2674 πρὸ
747 2602 797 2672 τῆς
814 2596 953 2658 Ἑλλάδος

151 2684 332 2762 ἀποθνήσκει,
346 2685 411 2745 ἀλλ’
426 2685 469 2746 ὅτι
482 2685 531 2745 οὔκ
552 2684 694 2764 ἐχρήσατο
710 2689 745 2762 τῇ
763 2685 833 2763 χερὶ,
849 2684 893 2742 καὶ
910 2683 953 2742 ὅτι

151 2774 229 2834 οὐδέν
243 2777 307 2835 ἐστι’
318 2779 345 2835 οἱ
358 2775 577 2856 ἀποδεδεγμένον
588 2775 668 2853 ἔργον
678 2777 777 2831 ἐωυτοῦ
791 2770 877 2841 ἀξιον,
886 2797 953 2848 προ-

151 2861 321 2940 θυμευμένου
334 2862 535 2934 ἀποδέξασθαι.

163 2981 165 2986 ·
191 2950 343 3028 Ἀθηναίων
351 2951 381 3011 δέ
388 2954 500 3033 λέγεται
509 2952 689 3030 εὐδοκιμῆσαι
698 2948 952 3027 ΣωφάνηςόΕὗτυ·
962 2948 1000 3010 73

151 3039 241 3117 χίδεω,
260 3044 290 3098 ἐκ
310 3039 400 3117 δήμου
420 3042 600 3116 Δεκελεῆθεν,
615 3039 758 3099 Δεκελέων
772 3038 801 3097 δέ
814 3040 869 3097 τῶν
885 3039 954 3097 ποτέ

151 3128 348 3207 ἐργασαμένων
367 3129 448 3209 ἔργον
463 3127 606 3206 χρήσιμον
625 3133 652 3191 ἐς
669 3125 719 3186 τόν
735 3124 826 3185 πάντα
843 3127 957 3204 χρόνον,

152 3213 188 3279 οἷς
211 3214 289 3275 αι’ποὶ
309 3215 454 3292 Ἀθηναῖοι
475 3217 602 3295 λέγουσι·
625 3215 659 3278 ἀς
679 3214 734 3294 γάρ
755 3213 789 3289 δή
809 3213 841 3273 τά
862 3212 952 3271 πάλαι

154 3304 222 3362 κατά
238 3303 354 3379 Ἑλένης
371 3303 487 3378 κομιδήν
506 3302 670 3378 Τυνδαρίδαι
690 3302 833 3377 ἐσέβαλον
852 3305 879 3362 ἐς
899 3304 954 3380 γῆν

1039 3435 1105 3524 Δ
