2258 3568
561 12 613 86 13.

179 169 211 216 οι
490 169 673 218 Ἧιοιουοτ
918 167 978 232 [νι.

178 244 232 325 γὰρ
250 244 469 327 συνεγινώσκετο
484 244 566 309 αύτδς
579 245 683 305 τούτων
697 244 766 304 εἶναι
776 245 870 318 αἴτιος,
882 249 981 328 γαμέει

178 335 274 410 τρίτην
296 338 422 415 γυναῖκα·
452 331 503 392 ὧδε
524 333 554 392 δὲ
575 335 683 414 γαμέει·
710 331 744 410 ἦν
768 336 794 393 οἱ
819 336 904 410 φίλος
927 340 981 395 τῶν

180 422 375 498 Σπαρτιητέων
397 421 475 499 ἀνὴρ,
494 425 532 501 τῷ
552 422 722 498 προσεκέετο
744 426 798 482 τῷν
817 421 911 482 ἀστῶν
929 425 981 500 μά-

179 513 266 569 λιστα
285 509 301 569 o‘
319 509 465 586 Ἀρίστων·
487 509 575 589 τούτῳ
590 515 629 589 τῷ
647 509 724 586 ἀνδρὶ
744 509 877 589 ἐτύγχανε
895 515 980 572 ἐοῦσα

178 598 248 679 yma)
263 599 404 674 καλλίστη
418 603 513 676 μακρῷ
526 603 580 657 τῷν
594 603 623 657 ε’ν
637 597 753 676 Σπάρτη
766 603 913 679 γυναικῶν·
935 602 982 660 καὶ

178 691 266 746 ταῦτα
279 687 374 762 μέντοι
388 686 530 762 καλλίστη
544 687 575 756 ἐξ
590 687 741 764 αἰσχίστης
754 687 900 768 γενομένη·
923 693 981 748 ἐοῦ-

179 799 234 834 σαν
250 773 305 855 γιίρ
324 800 373 851 μιν
390 774 423 833 τδ
442 773 513 836 εἶδος
530 774 661 851 φλαύρην
674 773 692 850 ἡ
706 773 813 850 τροφὸς
827 773 920 850 αὐτῆς,
936 775 980 836 οἶα

179 861 328 939 α’νθροίπων
341 888 372 922 τε
385 861 493 937 ὀλβίων
510 863 648 943 θυγατέρα
662 863 707 920 καὶ
721 863 848 921 δυσειδέα
869 867 980 934 έοῦσαν,

148 1003 152 1012 .
179 950 249 1024 πρδς
262 951 292 1010 δὲ
307 950 352 1009 καὶ
366 950 488 1026 ὀρέουσα
506 951 571 1014 τοῦς
583 952 681 1031 γονέας
697 949 849 1027 συμφορὴν
862 951 894 1011 τδ
908 951 981 1017 εἶδος

180 1038 264 1115 αὐτῆς
280 1041 466 1116 ποιευμένους,
480 1043 567 1099 ταῦτα
586 1041 691 1099 ἕκαστα
707 1039 846 1116 μαθοῦσα,
863 1040 981 1118 ε’πιφριί·

181 1128 255 1198 ζεται
277 1128 379 1187 τοιάδε·
402 1127 500 1205 ε’φύρεε
523 1127 609 1202 αὐτὴν
634 1125 687 1187 α’νδ
710 1131 806 1186 πᾶσαν
829 1126 936 1203 ἡμέρην
953 1133 980 1193 ε’ς

178 1215 211 1275 τδ
229 1220 279 1292 τῆς
291 1215 407 1291 Ἑλένης
430 1215 497 1292 ἱρόν·
518 1215 551 1274 τδ
571 1214 593 1273 δ’
608 1216 669 1274 ἔστι
688 1219 717 1273 ε’ν
735 1213 915 1292 τῇΘεριίπνῃ
934 1243 980 1275 κα·

178 1305 296 1383 λευμένῃ
310 1304 411 1380 ὕπερθε
424 1307 474 1362 τοῦ
488 1304 625 1380 Φοιβηίου
640 1306 709 1381 ἱροῦ.
744 1302 812 1366 ὅκως
827 1303 856 1360 δὲ
871 1305 980 1364 ε’νείκειε

178 1391 197 1466 ηι
214 1392 328 1467 τροφός,
342 1391 412 1468 πρός
432 1417 462 1450 τε
480 1392 617 1473 τῶγαλμα
633 1391 699 1451 ἵστα
713 1391 759 1449 καὶ
774 1392 908 1450 ε’λίσσετο
922 1392 980 1468 Ιτήν

179 1478 242 1539 θεόν
258 1479 421 1548 ἀπαλλάξαι
437 1484 487 1555 τῆς
506 1480 683 1557 δυσμορφίης
695 1478 728 1538 τδ
745 1479 864 1538 παιδίον·
887 1481 933 1538 καὶ
946 1480 980 1557 δή

179 1593 243 1626 κοτε
256 1567 379 1647 ἀπιούσῃ
394 1573 423 1626 ἐκ
437 1572 486 1627 τοῦ
502 1571 563 1645 ἱροῦ
577 1572 612 1646 τῇ
626 1571 723 1646 τροφῷ
735 1571 853 1648 γυναῖκα
867 1569 980 1648 λέγεται

178 1660 353 1732 ἐπιφανῆναι,
369 1660 554 1732 ἐπιφανεῖσαν
575 1656 604 1714 δὲ
624 1656 786 1732 ἔπείρεσθαί
797 1681 845 1730 μιν
858 1654 874 1714 ὅ
888 1681 916 1714 τι
931 1657 979 1732 φέ-

176 1771 218 1821 ρει
230 1749 302 1822 ἐντῇ
313 1743 437 1826 οἶγκιίλῃ;
460 1745 505 1802 καὶ
518 1744 569 1820 τὴν
580 1744 690 1820 φράσαι
704 1744 739 1806 οἷς
753 1743 862 1802 παιδίον
874 1746 978 1821 φορέει·

179 1832 230 1909 τήν
249 1833 278 1892 δὲ
292 1834 427 1892 κελεῦσαί
439 1836 464 1892 οἱ
500 1833 579 1902 εἶξαι·
600 1833 652 1908 τήν
666 1833 695 1891 δὲ
709 1831 741 1891 οῦ
755 1831 850 1907 φάναι,
866 1831 979 1910 αἶπειρῆ-

177 1922 247 1981 σθαι
262 1921 316 2002 γιίρ
331 1924 357 1980 οἶ
371 1926 401 1980 ἐκ
414 1925 469 1981 τῶν
482 1922 649 2002 γειναμένων
669 1921 766 1998 μηδενὶ
787 1919 979 1980 ἐπιδεικνύναι·
1016 1980 1018 1984 ,

177 2009 229 2085 τὴν
250 2010 279 2068 δὲ
299 2010 408 2072 πάντως
425 2013 511 2088 ἑωυτῷ
526 2009 646 2069 κελεύειν
661 2009 802 2078 ἐπιδεῖξαι·
824 2007 936 2084 ὁρῶσαν
950 2009 980 2069 δὲ

177 2097 228 2174 πὴν
245 2103 363 2178 γυναῖκα
383 2100 447 2174 περὶ
467 2103 579 2156 πολλοῦ
600 2099 765 2174 ποιευμένην
783 2097 892 2170 ἰδέσθαι
909 2096 980 2157 οὕτω

177 2187 210 2262 δὴ
224 2187 275 2262 τὴν
288 2187 396 2263 τροφὸν
410 2187 496 2255 δεῖξαι
509 2186 541 2245 τδ
556 2187 676 2246 παιδίον·
698 2186 749 2262 τὴν
764 2185 793 2244 δὲ
807 2189 980 2263 καταψῶσαν
1110 2189 1111 2220 ³

177 2277 226 2332 τοῦ
250 2275 361 2332 παιδίου
384 2273 435 2349 τὴν
460 2274 587 2350 κεφαλὴν
612 2275 695 2344 εἶπαι,
720 2273 755 2337 ιῦς
779 2273 980 2334 καλλιστεύσει

177 2363 289 2421 πασέων
301 2366 356 2421 τῶν
370 2367 398 2421 ἐν
413 2363 529 2440 Σπάρτη
542 2367 683 2443 γυναικῶν.
729 2361 786 2421 οἶπδ
800 2364 852 2438 μὲν
866 2361 900 2437 δῷ
914 2363 980 2421 ταύ-

177 2476 226 2525 της
243 2454 293 2525 τῆς
311 2449 415 2528 ἡμέρης
433 2451 615 2527 μεταπεσέειν
634 2449 668 2510 τδ
688 2450 768 2514 εἶδος·
789 2451 888 2530 γαμέει
902 2450 931 2509 δὲ
945 2451 980 2528 δή

176 2564 224 2615 μιν
238 2543 265 2601 ἒς
278 2539 370 2619 γάμου
385 2538 457 2615 ὥρην
471 2538 641 2616 α’πικομένην
653 2537 777 2619 Ἀγητος
790 2538 805 2597 ὁ
819 2537 978 2610 Ἀλκείδεω,
1110 2583 1111 2596 ι

130 2629 167 2686 62
177 2625 257 2688 οὗτος
267 2626 301 2702 δή
316 2627 391 2686 ὁτοῦ
404 2626 570 2703 Ἀρίστωνος
582 2629 676 2702 φίλος.
712 2626 767 2686 Τδν
779 2627 809 2685 δὲ
821 2625 980 2703 Ἀρίστωνα

178 2716 263 2785 ἔκνιζε
285 2713 338 2791 ἄρα
355 2720 405 2790 τῆς
423 2715 552 2796 γυναικὸς
569 2713 671 2790 ταύτης
689 2713 705 2773 ὅ
723 2715 797 2790 ἔρως·
818 2719 980 2792 μηχανᾶται

177 2803 210 2878 δη
233 2803 335 2862 τοιιίδε·
358 2802 440 2865 αύτύς
458 2828 488 2861 τε
508 2807 546 2881 τῷ
568 2803 664 2881 ἑταίρῳ
681 2805 732 2861 τοῦ
745 2801 780 2877 ἦν
793 2801 811 2877 ἡ
825 2801 895 2882 γυνὴ
910 2803 979 2880 αὕτη
1020 2839 1026 2848 x
1110 2803 1111 2812 ¹

176 2891 343 2970 ὑποδέκεται
352 2891 466 2966 δωτίνην
484 2890 582 2949 δώσειν
594 2895 649 2949 τῶν
666 2894 765 2948 ἑωυτοῦ
779 2889 889 2949 πάντων
902 2889 932 2950 ἓν
945 2892 979 2950 τδ

176 2977 210 3038 ἂν
231 2977 313 3040 αῦτδς
335 2982 438 3040 ἐκεῖνος
455 2979 558 3053 ἕληται,
575 2978 619 3035 καὶ
633 2977 682 3037 τδν
695 2982 804 3054 ἑταῖρον
818 2981 906 3058 ἑωυτῷ
922 2980 978 3038 ε’κέ-

176 3071 240 3124 λευε
254 3065 385 3129 ῷσαύτως
403 3065 454 3140 τὴν
469 3064 568 3141 ὁμοίην
583 3065 695 3123 διδόναι·
717 3064 733 3124 ὁ
747 3066 777 3123 δὲ
791 3065 870 3125 οῦδὲν
884 3069 978 3144 φοβη-
1020 3131 1025 3138 ,

177 3155 233 3215 θεὶς
251 3153 327 3230 ἀμφὶ
348 3157 385 3232 τῇ
404 3153 520 3233 γυναικὶ,
539 3152 623 3229 ὁρέων
642 3157 743 3212 εὀῦσαν
765 3155 811 3212 καὶ
829 3153 979 3232 Ἀρίστωνι

176 3243 300 3318 γυναῖκα,
325 3241 460 3298 καταινέει
482 3245 579 3297 ταῦτα·
608 3240 653 3298 ε’πὶ
676 3239 802 3300 τούτοισι
843 3244 855 3300 ὲ
879 3241 979 3320 ὅρκους
1022 3281 1027 3288 ·

177 3325 334 3400 ἐπήλασαν·
354 3326 425 3400 μετιὶ
447 3326 484 3398 δὲ,
508 3325 591 3390 αὐτός
615 3353 647 3385 τε
668 3327 696 3408 [ὁ
721 3327 871 3412 Ἀρίστων]
895 3331 979 3392 ἔδωκε
1020 3402 1021 3406 ¹
