2250 3552
149 159 256 228 17-19]
455 159 642 208 κικκιοαα.
669 155 671 159 ’
900 160 946 208 ιω

148 238 259 319 θανείτῳ
279 239 387 309 δώσειν,
402 239 645 314 διαβεβλημένους
662 237 717 298 ιίπδ
732 240 898 307 Θεσσαλῶν,
913 236 949 302 uk

148 329 208 410 ἐγώ
220 328 325 399 εἰκόζω·
346 333 394 388 νῦν
412 327 450 387 ὧν
466 325 548 404 ἄνδρα
566 326 658 387 πάντα
673 326 736 386 τινὰ
756 325 846 407 ὑμέων
864 326 949 406 χρεόν

148 423 212 477 ἐστι
224 417 356 498 γενέσθαι
369 415 484 498 ἀγαθόν·
501 417 624 494 κρέσσον
636 416 692 497 γὰρ
704 415 849 479 ποιεῦντάς
861 443 889 476 τι
902 417 949 488 καὶ

148 504 336 583 ἀμυνομένους
348 509 517 582 τελευτῆσαι
527 503 578 565 τόν
590 508 683 574 αἰῶνα,
694 502 766 582 ἤπερ
775 505 949 584 παρέχοντας

148 593 337 672 διαφθαρῆναι
346 595 487 674 αἰσχίστῳ
500 593 586 673 μόρῳ·
604 592 681 652 ἀλλά
690 593 801 670 μαθέτω
809 620 850 656 τις
861 593 949 654 αὐτῶν

148 681 192 742 ὅτι
208 681 298 745 ἐόντες
312 682 460 760 βάρβαροι
476 681 518 741 ἐπ’
529 681 657 758 Ἕλλησι
673 681 791 759 ἀνδράσι
805 681 893 757 φόνον
907 684 948 759 ἐρ-

147 769 267 849 ραψαν.”
306 769 341 829 ‘O
357 773 409 848 μέν
425 771 462 830 ὧν
479 774 568 830 ταῦτα
583 769 724 848 παραίνεε·
746 773 773 830 οἰ
794 771 824 829 δὲ
845 772 948 841 ἱππέες,
959 774 994 834 18

149 859 212 918 ἐπεί
225 861 258 919 τέ
274 865 367 936 σφεας
379 859 582 930 ἐκυκλώσαντο,
597 858 754 935 ἐπήλαυνον
768 858 803 922 ώς
815 857 949 919 ἀπολεΰν-

148 972 200 1021 τες,
216 948 262 1007 καί
276 947 310 1023 δή
324 949 487 1008 διετείνοντο
502 948 539 1008 τοὶ
556 948 647 1024 βέλεα
660 947 696 1010 ώς
713 946 880 1023 ἀπήσοντες·
903 948 951 1007 καί

148 1035 198 1094 κοό
217 1061 260 1099 τις
280 1037 326 1095 καὶ
346 1036 447 1112 α’πήκε.
489 1037 535 1095 καί
552 1039 579 1096 οἱ
595 1034 684 1095 ἀντίοι
704 1037 837 1118 ἔστασαν,
859 1035 949 1112 πόντη

148 1125 357 1204 συστρέψαντες
371 1124 485 1188 ἐωυτοῦς
499 1125 545 1184 καὶ
558 1123 751 1188 πυκνώσαντες
763 1123 799 1187 ώς
810 1124 961 1201 μόλιστα·’

148 1213 267 1272 ἐνθαῦτα
294 1216 321 1273 οἰ
349 1212 465 1273 ἰππόται
492 1212 679 1290 ιίτέστρεφον,
707 1213 753 1272 καὶ
786 1211 948 1288 ἀπήλαυνον

148 1298 250 1360 όπίσω.
292 1300 341 1360 οόκ
358 1303 412 1381 ἔχω
431 1301 453 1360 δ’
470 1301 603 1379 ἀτρεκέως
620 1304 713 1371 εἰπεῖν,
732 1300 795 1361 οὔτε
817 1305 840 1360 εἰ
859 1300 948 1378 ἦλθον

148 1392 200 1465 μὲν
216 1389 385 1454 ἀπολέοντες
402 1390 467 1454 τοιίς
482 1391 593 1454 Φωκέας
611 1391 761 1466 δεηθέντων
781 1395 946 1461 Θεσσαλῶν,

149 1478 208 1537 ἐπεὶ
221 1478 252 1538 δέ
265 1477 340 1555 ώρων
353 1477 424 1556 πρός
437 1478 573 1556 ἀλέξησιν
590 1479 788 1557 τραπομένους,
808 1480 947 1543 δείσαντες

147 1566 188 1642 μή
204 1566 250 1626 καί
265 1567 354 1642 σφίσι
371 1567 486 1648 γένηται
498 1567 631 1646 τρώματα
649 1567 719 1627 οὕτω
737 1567 771 1644 δή
787 1567 948 1645 ἀπήλαυνον

149 1652 248 1714 όπίσω·
276 1653 311 1719 ώς
330 1655 385 1737 γάρ
405 1662 462 1731 σφι
482 1657 637 1716 ἐνετείλατο
657 1655 824 1734 Μαρδόνιος·
848 1657 903 1717 οὔτ’
924 1661 948 1716 εἰ

148 1740 237 1802 αὐτῶν
249 1744 415 1820 πειρηθῆναι
423 1743 549 1820 ἠθέλησε
563 1746 627 1804 εἴτι
639 1741 729 1820 ἀλκῆς
738 1743 898 1823 μετέχουσι·
913 1744 948 1808 ώς

148 1829 178 1889 δέ
192 1829 285 1890 όπίσω
301 1830 455 1907 ἀπήλασαν
470 1836 497 1892 οἰ
513 1832 637 1904 ἱππόται,
656 1832 770 1910 πέμψας
789 1832 947 1909 Μαρδόνιος

148 1917 253 1995 κήρυκα
273 1920 352 2001 ἔλεγε
371 1920 447 1980 τόδε·
480 1931 498 1957 “
506 1920 647 1998 θαρσέετε,
669 1919 690 1980 ώ
710 1920 825 1984 Φωκέες·
853 1919 948 1998 ἄνδρες

147 2006 202 2086 γὰρ
216 2006 337 2082 ἐφάνητε
351 2006 441 2071 ἐόντες
454 2007 564 2090 ἀγαθοὶ,
576 2009 625 2069 οὐκ
636 2009 671 2073 ώς
681 2007 735 2090 ἐγώ
746 2008 947 2085 ἐπυνθανόμην·

147 2095 195 2152 καὶ
207 2099 255 2154 νῦν
268 2095 417 2173 προθύμως
431 2097 531 2174 φέρετε
543 2096 593 2157 τόν
605 2097 733 2174 πόλεμον
745 2100 853 2156 τοῦτον·
876 2096 948 2174 εόερ-

147 2183 331 2264 γεσίῃσιγοίρ
345 2184 379 2243 οιί
392 2184 520 2261 νικήσετε
533 2183 597 2245 οὔτε
607 2183 644 2245 ὧν
655 2187 711 2262 ἐμὲ,
722 2183 785 2244 οὔτε
794 2185 948 2261 βασιλέα·”

146 2269 183 2330 τό,
195 2271 259 2349 περὶ
272 2272 387 2332 Φωκέων
399 2275 452 2350 μὲν
464 2277 491 2337 ἐς
504 2276 626 2333 τοσοῦτο
639 2274 757 2354 ἐγένετο.

186 2359 402 2435 Λακεδαιμόνιοι
424 2361 462 2431 δέ,
485 2360 521 2425 ώς
541 2366 570 2424 ἐς
589 2360 639 2422 τόν
659 2361 778 2439 Ἰσθμόν
798 2361 896 2440 ἦλθον,
919 2367 993 2424 ε’ν19

146 2445 235 2527 τοίντῳ
250 2449 529 2524 ἐστρατοπεδεύοντο·
550 2449 751 2526 πυνθανόμενοι
769 2451 799 2510 δέ
817 2457 904 2511 ταῦτα
921 2456 948 2512 οἰ

147 2536 243 2595 λοιποὶ
260 2535 490 2612 Πελοποννήσιοι
508 2540 586 2597 τοῖσι
602 2537 638 2598 τά
659 2537 761 2615 ἀμείνω
782 2539 902 2609 ἑάνδανε,
921 2543 948 2600 οἰ

147 2621 177 2681 δέ
197 2623 244 2683 καὶ
263 2623 388 2701 ὁρέοντες
405 2624 527 2694 ἐξιόντας
545 2624 730 2704 Σπαρτιήτας,
745 2624 803 2684 οὐκ
814 2627 946 2687 ἐδικαίευν

147 2711 296 2773 λείπεσθαι
320 2716 371 2788 τῆς
397 2713 492 2783 ἐξόδου
518 2706 751 2790 Λακεδαιμονίων.
794 2718 824 2772 ἐκ
850 2713 884 2790 δή
912 2713 949 2776 ών

147 2803 196 2859 τοῦ
229 2799 356 2878 Ἰσθμοῦ,
385 2802 631 2879 καλλιερησάντων
655 2805 710 2861 τών
737 2803 809 2877 ἰρών,
838 2804 949 2880 ἐπορεύ-

148 2913 212 2948 οντο
238 2889 339 2952 πάντες
368 2890 415 2948 καὶ
438 2888 614 2950 ἀπικνέονται
641 2894 669 2953 ἐς
693 2887 853 2949 Ἐλευσῖνα·
888 2916 948 2951 ποι-

147 2974 268 3050 ήσαντες
285 2978 315 3037 δὲ
332 2975 378 3036 καί
397 2977 515 3036 ἐνθαῦτα
534 2976 588 3054 ἰρά,
603 2975 638 3040 ώς
654 2983 711 3052 σφι
729 2978 895 3056 ἐκαλλιέρεε,
913 2976 947 3040 τδ

147 3063 246 3141 πρόσω
267 3063 441 3143 ἐπορεύοντο,
461 3063 606 3140 Ἀθηναῖοι
628 3065 658 3124 δέ
679 3063 870 3142 ἅμααιίτοῖσι
891 3067 948 3127 δια-

147 3151 250 3228 βάντες
269 3156 321 3231 μὲν
341 3158 371 3212 ἐκ
393 3154 553 3228 Σαλαμῖνος
570 3154 756 3234 συμμιγέντες
769 3154 799 3212 δέ
812 3161 841 3214 ἐν
853 3155 948 3214 Ἐλευν

148 3243 216 3300 σῖνι.
244 3241 280 3305 ώς
293 3242 323 3301 δέ
336 3239 391 3318 ἀρα
402 3239 535 3298 ἀπίκοντο
552 3243 603 3312 τῆς
619 3241 752 3314 Βοιωτίης
766 3246 793 3304 ἐς
804 3240 947 3318 Ἐρυθρὰς,

149 3327 253 3404 ἔμαθόν
265 3357 296 3390 τε
310 3327 343 3403 δή
357 3325 421 3388 τους
436 3323 603 3402 βαρβάρους
621 3326 666 3384 ἐπὶ
679 3331 717 3397 τῷ
729 3327 850 3410 Ἀσωπῷ
862 3353 947 3407 στρα-

1046 3427 1106 3522 Δ
