2282 3550
166 104 213 150 τευ
471 101 654 152 Ἣυοιονου
871 100 964 166 [vm.

117 185 154 240 85
205 181 288 241 Κατά
320 183 372 258 μέν
401 182 435 257 δή
461 181 624 256 Ἀθηναίους
651 180 802 260 ἐτετάχατο
832 184 964 246 Φοίνικες·

165 267 241 330 οὗτοι
253 269 309 350 γάρ
329 269 404 348 εἶχον
419 268 452 329 τό
470 269 539 345 πρός
551 267 714 330 Ἐλευσῖνός
733 293 764 327 τε
782 269 829 326 καὶ
847 271 966 348 ἑσπέρης

165 359 255 434 κέρας·
296 357 367 418 κατά
394 357 423 416 δὲ
445 356 687 433 Λακεδαιμονίους,
706 355 808 421 Ἴωνες·
844 355 922 418 οὗτοι
943 359 966 418 δ’

166 445 242 526 εἶχον
258 445 291 507 τό
305 447 374 523 πρός
391 446 443 522 τήν
461 445 502 522 ήῶ
519 471 549 506 τε
567 446 613 504 καὶ
629 444 678 506 τόν
695 447 838 524 Πειραιέα·
873 447 967 507 ἐθελο-

166 535 265 596 κάκεον
277 536 374 612 μέντοι
386 535 475 595 αὐτῶν
489 533 559 594 κατὰ
571 533 621 597 τοὶς
631 535 840 610 Θεμιστοκλέος
854 536 968 600 ἐντολάς

166 621 267 704 όλίγοι·
302 626 329 682 οἶ
352 624 381 683 δὲ
406 627 523 686 πλεῦνες
548 621 589 682 οὔ.
631 624 685 702 ἐχω
708 622 760 699 μέν
785 649 833 684 νυν
857 628 968 703 συχνῶν

166 710 307 790 οὐνόματα
320 711 493 790 τριηράρχων
504 711 655 780 καταλέξαι
663 714 718 770 τῶν
728 715 796 788 νῆας
802 710 968 787 Ἑλληνίδας

167 799 295 860 ἑλόντων·
319 800 463 880 χρήσομαι
479 799 508 858 δέ
527 798 638 858 αὐτοῖσι
654 797 742 868 ου’δέν,
762 803 839 874 πλήν
860 800 968 877 Θεομή·

169 888 270 966 στορός
296 916 327 948 τε
353 892 404 948 τοῦ
427 887 665 965 Ἀνδροδάμαντος
690 888 735 946 καὶ
763 887 894 948 Φυλάκου
916 891 967 948 τοῦ

166 977 309 1052 Ἱστιαίου,
322 979 433 1055 Σαμίων
446 976 620 1054 ἀμφοτέρων.
655 979 706 1036 τοῦ
720 976 749 1035 δέ
763 977 852 1036 εἵνεκα
864 977 969 1053 μέμνη-

167 1092 219 1142 μαι
238 1065 342 1126 τούτων
361 1065 477 1142 μούνων,
491 1064 534 1124 ὅτι
555 1064 727 1141 Θεομήστωρ
748 1065 800 1142 μὲν
821 1064 866 1124 διά
885 1068 969 1126 τοῦτο

167 1154 201 1214 τό
221 1155 302 1236 ἔργον
323 1153 420 1230 Σάμου
441 1153 628 1230 ἐτυράννευσε,
650 1152 887 1228 καταστησάντων
914 1157 970 1214 τῶν

170 1244 311 1319 Περσέων·
326 1242 454 1306 Φύλακος
467 1242 496 1301 δὲ
510 1243 653 1322 εὐεργέτης
662 1241 801 1317 βασιλέος
814 1241 969 1322 ἀνεγράφη,

170 1332 215 1390 καὶ
232 1331 310 1410 χάρη
329 1334 356 1391 οἱ
377 1331 500 1408 ἐδωρήθη
520 1329 627 1405 πολλή.
670 1333 697 1389 οἱ
718 1328 741 1388 δ’
760 1328 900 1410 εὐεργέται
919 1333 971 1389 τοῦ

121 1421 159 1478 86
168 1420 307 1494 βασιλέος
337 1419 494 1500 ὀροσάγγαι
524 1419 671 1478 καλέονται
702 1417 853 1495 Περσιστί.
896 1419 969 1493 Περὶ

168 1507 220 1582 μέν
233 1533 281 1566 νυν
294 1507 407 1570 τούτους
421 1506 491 1566 οὕτω
508 1506 574 1585 εἶχε·
606 1506 639 1566 τό
658 1506 688 1565 δέ
706 1507 817 1580 πλῆθος
829 1509 884 1565 τῶν
898 1509 971 1582 νηῶν

169 1599 197 1654 ἐν
218 1598 254 1674 τῇ
276 1595 416 1671 Σαλαμῖνι
438 1597 598 1672 ἐκεραΐζετο,
624 1597 653 1654 αἶ
676 1597 727 1671 μὲν
751 1592 796 1652 ὕπ’
817 1593 972 1669 Ἀθηναίων

170 1682 397 1761 διαφθειρόμεναι
411 1686 440 1743 αἱ
453 1683 482 1742 δέ
500 1683 554 1744 ὑπό
574 1683 751 1764 Αἰγινητέων·
782 1681 830 1741 ἅτε
846 1681 900 1763 γάρ
916 1686 973 1742 τῶν

168 1774 220 1848 μὲν
233 1771 377 1848 Ἑλλήνων
390 1772 444 1832 σῶν
458 1771 554 1850 κόσμῳ
572 1770 784 1850 ναυμαχεόντων
800 1769 870 1829 κατά
883 1769 972 1840 τάξιν,

169 1866 224 1921 τῶν
243 1861 272 1921 δέ
290 1861 446 1938 βαρβάρων
466 1860 498 1920 οὗ
515 1859 688 1940 τεταγμένων
705 1859 752 1930 ἐτι,
771 1857 833 1918 οὔτε
852 1857 905 1918 σύν
918 1858 973 1938 νόιρ

169 1949 318 2012 ποιεόντων
342 1948 428 2019 οὐδὲν,
456 1949 558 2025 ἔμελλε
578 1946 688 2007 τοιοῦτό
709 1953 766 2023 σφι
786 1947 973 2008 συνοίσεσθαι

171 2036 282 2115 οἷόνπερ
309 2037 414 2114 άτέβη·
456 2037 546 2096 καίτοι
576 2035 651 2111 ἦσάν
681 2061 715 2117 γε
747 2034 805 2117 [καὶ
833 2034 973 2118 ἐγένοντο]

170 2125 272 2202 ταίσην
292 2125 343 2201 τήν
363 2125 469 2202 ήμέρην
488 2128 585 2204 μακρῷ
605 2123 746 2200 ἀμείνονες
762 2122 841 2183 αὐτοὶ
858 2126 973 2193 ἑωυτῶν,

170 2211 200 2294 [ἢ
213 2213 283 2291 πρός
295 2213 428 2294 Εὐβοίη]
441 2218 496 2277 πῶς
508 2240 550 2276 τις
562 2210 788 2289 προθυμεόμενος
805 2212 850 2270 καὶ
868 2211 974 2287 δειμαί-

171 2327 224 2363 νων
243 2301 359 2378 Ξέρξην·
397 2300 489 2361 ἐδόκεέ
506 2327 538 2360 τε
559 2302 677 2363 ἕκαστος
697 2298 797 2360 ἑωυτόν
818 2298 975 2374 θεήσεσθαι

171 2391 306 2466 βασιλέα.

124 2481 160 2535 87
213 2477 295 2538 Κατὰ
307 2480 359 2555 μὲν
379 2477 412 2555 δή
430 2477 494 2542 τούς
512 2479 625 2552 ἄλλους,
641 2478 691 2539 οὔκ
710 2480 763 2557 ἐχω
781 2477 976 2555 μετεξετέρους

171 2571 257 2628 εἰπεῖν
276 2566 416 2645 ἀτρεκέως,
439 2565 474 2630 ῶς
495 2567 606 2626 ἔκαστοι
628 2571 682 2627 τῶν
702 2566 859 2642 βαρβάρων
880 2564 898 2641 ἢ
918 2569 976 2626 τῶν

171 2656 316 2733 Ἑλλήνων
337 2654 512 2736 ἠγωνίζοντο·
549 2655 619 2715 κατά
646 2655 676 2714 δέ
699 2654 880 2730 Ἀρτεμισίην
907 2653 975 2713 τάδε

172 2746 289 2824 ἐγένετο,
314 2743 361 2804 ἀπ’
383 2743 420 2804 ῶν
442 2743 607 2820 εὐδοκίμησε
627 2746 741 2819 μᾶλλον
762 2744 801 2801 ἐτι
822 2740 898 2819 παρά
917 2742 975 2817 βα-

172 2834 260 2893 σιλέϊ·
289 2832 382 2908 ἐπειδή
402 2832 457 2912 γάρ
479 2838 506 2895 ἐς
527 2832 651 2908 θόρυβον
671 2830 783 2891 πολλόν
804 2829 918 2888 α’πίκετο
938 2825 978 2890 τά

170 2921 310 2996 βασιλέος
330 2920 489 3000 πρήγματα,
512 2925 541 2978 ἐν
560 2920 648 2999 τούτῳ
668 2924 706 2999 τῷ
727 2923 811 2997 καιρῷ
831 2917 850 2993 ή
870 2921 936 2992 νηῦς
955 2924 977 2996 ἡ

170 3005 349 3084 Ἀρτεμισίης
364 3007 490 3067 ἐδιώκετο
507 3007 561 3066 ὑπό
581 3009 645 3084 νηός
657 3006 795 3082 Ἀττικῆς·
818 3008 864 3065 καὶ
882 3004 909 3082 ἢ,
924 3005 978 3068 οὐκ

171 3094 276 3171 ἔχουσα
303 3094 472 3173 διαφυγέειν·
514 3096 657 3171 ἔμπροσθε
690 3094 746 3176 γάρ
781 3093 866 3170 αὐτῆς
900 3092 978 3170 ἦσαν

147 3233 151 3240 .
171 3179 257 3238 ἄλλοι
279 3185 342 3256 νῆες
362 3183 458 3256 φίλιαι
474 3183 493 3258 η’
512 3183 542 3241 δὲ
558 3183 644 3259 αὐτῆς
664 3184 734 3260 πρός
755 3188 810 3244 τῶν
832 3185 979 3260 πολεμίων

171 3265 299 3338 μάλιστα
312 3268 445 3348 ἐτύγχανε
462 3273 557 3328 ἐοῦσα·
580 3271 657 3339 ἔδοξέ
673 3274 699 3330 οἱ
717 3271 781 3331 τόδε
799 3273 979 3347 ποιήσαι,τό
