2282 3550
148 166 288 231 ιιι-ιιι]
469 170 621 220 omnm.
900 168 947 215 ιω

147 273 229 319 σατο,
242 250 333 328 λέγων
346 247 382 312 οἷς
395 252 419 307 εἰ
431 249 471 326 μή
489 249 613 309 δώσουσι
625 249 659 310 τό
673 248 839 325 αἰτεόμενον,
855 247 950 317 ἐπάξει

146 335 198 412 τήν
219 335 354 412 στρατιήν
371 340 426 396 τῶν
445 335 590 412 Ἑλλήνων
610 337 657 396 καὶ
680 337 851 414 πολιορκέων
878 336 949 406 ἐξαι-

146 424 239 500 ρήσει·
260 425 350 505 λέγων
366 422 403 484 ὦν
421 429 517 494 ταῦτα,
535 426 670 505 συνέλεγε
687 425 820 504 χρήματα
837 424 950 506 μεγάλα

147 512 224 590 παρά
245 513 413 589 Καρυστίων
432 538 463 572 τε
484 514 530 572 καὶ
550 514 673 590 Παρίων·
701 513 728 572 οἳ
748 513 950 591 πυνθανόμενοι

148 601 199 676 τήν
218 626 249 660 τε
265 600 385 678 Ἀνδρον
406 600 441 664 ιύς
460 603 655 678 πολιορκέοιτο
675 601 745 661 διότι
764 601 887 678 ἐμήδισε,
904 602 951 661 καὶ

149 689 345 766 Θεμιστοκλέα
359 687 395 751 ὦς
409 689 451 764 εἴη
464 694 493 749 ἒν
507 690 570 768 α’ίνη
579 690 701 771 μεγίστῃ
711 691 766 749 τῶν
776 695 950 772 στρατηγόν,

150 777 290 840 δείσαντες
306 779 403 846 ταῦτα,
418 776 702 856 έπεμπονχρήματα.
744 781 768 835 εἰ
784 777 814 836 δὲ
832 778 867 855 δή
880 805 951 843 τινες

151 867 196 923 καὶ
212 863 298 924 ἄλλοι
314 865 416 925 ἔδοσαν
433 865 596 942 νησιωτέων,
617 865 666 925 ούκ
681 867 735 944 ἔχω
749 869 844 926 εἰπεῖν·
866 868 951 926 δοκέω

151 952 182 1011 δέ
193 979 269 1017 τινας
283 953 329 1011 καὶ
347 951 452 1016 ἄλλους
468 953 570 1024 δοῦναι,
585 953 631 1012 καὶ
650 953 682 1013 ού
696 952 811 1016 τούτους
823 954 950 1033 μούνους·

151 1042 241 1100 καίτοι
255 1042 446 1118 Καρυστίοισί
453 1066 487 1121 γε
497 1040 576 1100 ούδὲν
588 1041 688 1102 τούτου
699 1042 789 1101 εἵνεκα
801 1046 852 1102 τοῦ
866 1047 951 1102 κακοῦ

151 1128 300 1207 ύπερβολὴ
315 1130 433 1210 ἐγένετο·
455 1129 559 1205 Πάριοι
572 1129 602 1188 δὲ
615 1130 810 1206 Θεμιστοκλέα
823 1129 952 1208 χρήμασι

153 1217 319 1295 ἱλασάμενοι
336 1217 469 1298 διέφυγον
486 1217 519 1278 τό
533 1217 703 1295 στράτευμα.
744 1219 953 1295 Θεμιστοκλέης

151 1307 204 1383 μέν
230 1333 286 1376 νυν,
314 1306 345 1376 ἐξ
365 1305 486 1384 Ἄνδρου
513 1305 694 1384 όρμεύμενος,
722 1307 853 1386 χρήματα
876 1309 953 1384 παρὰ

152 1396 307 1470 νησιωτέων
321 1396 428 1454 ε’κτέετο
441 1395 534 1471 λάθρη
547 1399 601 1455 τῶν
614 1395 710 1456 ἄλλων
723 1398 897 1476 στρατηγῶν.

194 1486 231 1542 Οἱ
253 1482 276 1542 δ’
297 1482 373 1560 α’μφὶ
395 1484 500 1560 Ξέρξεα
522 1483 685 1562 ἐπισχόντες
707 1482 806 1564 όλίγας
828 1483 999 1562 ήμέρας113

153 1571 224 1648 μετά
246 1571 298 1646 τήν
321 1573 485 1650 ναυμαχίην,
510 1571 658 1641 έξέλαυνον
685 1577 713 1634 ές
739 1571 877 1636 Βοιωτούς
901 1572 953 1647 τήν

154 1657 241 1736 αύτήν
259 1659 332 1720 όδόν·
354 1661 429 1730 ἔδοξε
446 1660 563 1741 γάρκαὶ
579 1661 736 1740 Μαρδονίῳ,
750 1660 809 1737 ἅμα
821 1663 873 1737 μὲν
886 1686 953 1737 προ-

154 1747 264 1827 πέμψαι
276 1747 403 1825 βασιλέα
414 1747 432 1806 ἅ
432 1774 473 1824 μα
483 1747 513 1807 δὲ
523 1747 641 1825 άνωρίην
652 1748 779 1808 εἴναιτοΰ
787 1750 861 1812 ἔτεος
870 1753 954 1808 πολε·

155 1836 241 1914 μέειν·
261 1838 419 1915 χειμερίσαι
432 1862 463 1896 τε
476 1835 588 1912 ἄμεινον
607 1836 676 1896 εἶναι
690 1843 718 1897 έν
736 1838 894 1914 Θεσσαλίη,
909 1836 955 1894 καὶ

156 1927 250 1986 ἔπειτα
269 1924 328 2002 ἅμα
348 1929 387 2004 τῷ
407 1925 465 2002 ἔαρι
485 1925 638 2001 πειρᾶσθαι
654 1929 704 2001 τῆς
723 1923 952 1999 Πελοποννήσου.

157 2013 192 2080 ιύς
201 2013 231 2073 δέ
241 2013 359 2072 ἀπίκατο
373 2018 400 2076 ές
412 2013 465 2088 τήν
478 2014 650 2089 Θεσσαλίην,
666 2014 783 2072 ε’νθαῦτα
797 2011 955 2088 Μαρδόνιος

157 2101 301 2182 ἐξελέγετο
313 2101 438 2179 πριύτους
456 2099 519 2182 [μὲν
538 2099 665 2182 Πέρσας]
679 2101 784 2164 πάντας
796 2101 860 2164 τούς
872 2100 955 2161 Ἀθα-

156 2189 254 2253 νάτους
266 2188 458 2267 καλεομένους,
473 2189 550 2264 πλήν
562 2189 709 2266 Ὑδάρνεος
721 2195 772 2249 τοῦ
786 2193 956 2270 στρατηγοῦ·

157 2275 249 2358 (οὗτος
262 2279 317 2359 γάρ
336 2277 385 2337 ούκ
402 2279 456 2353 ἔφη
473 2277 625 2355 λείψεσθαι
641 2279 801 2359 βασιλέος)
828 2279 899 2356 μετά
918 2278 955 2348 δὲ,

157 2370 212 2427 τῶν
232 2365 328 2426 ἄλλων
349 2364 484 2444 Περσέων
505 2365 570 2428 τούς
595 2365 817 2444 θωρηκοφόρους,
840 2367 886 2426 καὶ
905 2367 957 2442 τήν

159 2455 244 2516 ἵππον
264 2456 317 2530 τήν
339 2455 444 2535 χιλίην·
474 2453 520 2512 καὶ
543 2452 658 2528 Μήδους
678 2479 709 2513 τε
728 2456 773 2514 καὶ
792 2455 893 2524 Σάκας,
913 2455 959 2512 καὶ

159 2544 311 2621 Βακτρίους
333 2567 364 2603 τε
385 2543 433 2600 καὶ
456 2541 567 2612 Ἰνδούς,
593 2543 639 2600 καὶ
661 2541 710 2602 τόν
732 2543 815 2614 πεζόν
839 2544 885 2602 καὶ
907 2543 959 2618 τήν

160 2631 255 2692 ἵππον.
289 2635 378 2691 ταῦτα
399 2633 451 2707 μὲν
475 2631 554 2690 ἔθνεα
581 2629 635 2690 ὅλα
663 2632 763 2690 εἵλετο·
799 2635 828 2689 ε’κ
852 2631 882 2689 δέ
904 2634 959 2689 τῶν
1020 2651 1023 2656 ’

159 2719 255 2779 ἄλλων
265 2719 421 2798 συμμάχων
432 2717 575 2798 ε’ξελέγετο
589 2717 647 2778 κατ’
661 2717 782 2799 ὀλίγους,
796 2722 873 2777 τοῖσι
888 2716 959 2776 εἴδεά

158 2834 190 2868 τε
202 2807 315 2887 ύπῆρχε·
325 2806 461 2887 διαλέγων
476 2807 521 2864 καὶ
531 2810 555 2864 εἰ
564 2805 657 2866 τέοισί
665 2831 692 2865 τι
702 2805 827 2884 χρηστόν
837 2805 960 2864 συνείδεε

160 2897 354 2972 πεποιημένον.
385 2900 413 2954 έν
424 2895 461 2966 δὲ,
474 2897 610 2954 πλεῖστον
624 2894 701 2956 ἔθνος
715 2892 830 2970 Πέρσας
843 2892 959 2970 αἱρέετο,

160 2984 260 3060 ἄνδρας
273 2983 503 3060 στρεπτοφόρους
522 3009 554 3041 τε
574 2982 620 3041 καὶ
638 2981 837 3059 ψελιοφόρους·
859 2982 904 3040 ε’πὶ
922 2981 958 3055 δὲ,

162 3072 284 3148 Μήδους·
306 3069 395 3151 (οὗτοι
411 3071 440 3128 δὲ
458 3071 568 3145 πλῆθος
586 3072 638 3146 μὲν
656 3069 706 3129 ούκ
720 3070 874 3132 ἐλάσσονες
886 3068 961 3144 ἦσαν

161 3165 216 3220 τῶν
238 3160 372 3237 Περσέων
390 3158 468 3236 ῥώμῃ
489 3158 518 3216 δὲ
540 3157 677 3237 ἔσσονες·)
705 3155 777 3216 ὥστε
798 3155 962 3232 σύμπαντας

161 3247 310 3326 τφιήκοντα
323 3245 458 3324 μυριάδας
471 3244 603 3325 γενέσθαι
616 3243 670 3303 σύν
684 3247 809 3302 ἱππεῦσι.

202 3337 251 3397 Ἐν
264 3337 294 3396 δὲ
307 3335 394 3414 τούτῳ
407 3337 445 3410 τῷ
458 3331 557 3411 χρόνῳ,
572 3336 600 3389 ε’ν
616 3335 654 3408 τῷ
671 3330 828 3407 Μαρδόνιός
845 3355 876 3389 τε
891 3329 942 3405 τήν
955 3332 1010 3388 114
