2282 3550
194 149 238 196 186
494 146 677 195 ἨΡΟΔΟΤΟΤ
912 146 991 212 [Vll.

191 227 260 285 οὕτω
276 225 437 304 προσάντης
455 225 627 294 κατίσταται,
641 223 721 301 ἡμεῖς
736 250 762 284 τι
781 223 930 302 όπείξομεν
942 233 993 287 τοῦ

190 315 308 394 ἀρχαίου
332 316 429 395 λόγου·
455 319 478 373 εί
498 318 549 372 τοῦ
572 316 623 390 μὲν
647 315 731 384 πεζοῦ
752 311 830 389 ῦμεῖς
850 313 992 394 ἡγέοισθε,

190 408 239 462 τοῦ
260 404 290 463 δὲ
311 407 439 464 ναυτικοῦ
461 402 523 484 ε’γιό·
551 407 575 462 εἰ
599 403 628 461 δὲ
651 401 716 477 ῦμῖν
737 401 823 478 ἡδονή
847 407 897 462 τοῦ
920 404 992 463 κατά

190 492 342 553 θάλασσαν
357 491 543 574 ἡγεμονεύειν,
560 495 610 552 τοῦ
629 493 713 561 πεζοῦ
732 490 786 570 ε’γιῦ
803 493 885 551 θέλω·
907 493 953 550 καὶ
973 489 992 568 ἡ

188 580 316 642 τούτοισι
339 581 424 659 ῦμέας
446 581 535 660 χρίων
560 585 622 640 ε’στι
643 578 821 656 άρέσκεσθαι,
843 577 861 654 ἡ
881 579 993 641 ἀπιέναι

145 672 197 729 161
210 670 366 750 συμμάχων
379 669 492 730 τοιιῦνδε
508 667 649 746 ε’ρήμους.”
684 669 780 727 Γέλων
792 670 844 744 μὲν
857 668 890 744 δή
903 673 993 729 ταῦτα

189 760 358 833 προτείνετο·
386 757 501 835 φθάσας
527 757 557 816 δὲ
580 755 597 816 ό
618 756 773 831 Ἀθηναίων
795 755 915 836 ἅγγελος
942 757 993 818 τόν

190 847 420 924 Λακεδαιμονίων,
440 845 576 923 ἀμείβετό
596 871 645 922 μιν
664 845 769 904 τοῖσδε·
798 843 846 902 “ιιί
865 846 989 920 βασιλεῑ

190 935 393 1009 Συρηκουσέων,
408 933 457 993 οῦκ
474 933 611 1013 ἡγεμόνος
629 933 744 1010 δεομένη
763 933 782 1009 ἡ
800 931 905 995 Ἑλλάς
924 931 993 993 άπέ-

188 1031 299 1100 πεμψεν
315 1021 402 1099 ἡμέας
420 1022 490 1100 πρός
506 1025 548 1091 σὲ,
562 1021 640 1081 άλλά
657 1026 801 1098 στρατιῆς·
822 1020 860 1080 σῦ
877 1021 906 1079 δὲ
922 1020 993 1086 ὅκως

188 1112 239 1185 μὲν
259 1111 394 1188 στρατιήν
413 1112 533 1188 πέμψεις
552 1110 593 1186 μῆ
611 1109 762 1191 ἡγεύμενος
782 1113 832 1186 τῆς
851 1108 992 1174 Ἑλλάδος

189 1197 222 1256 οό
238 1200 412 1276 προφαίνεις,
431 1199 467 1262 ὥς
485 1199 514 1257 δὲ
534 1199 741 1278 στρατηγήσεις
761 1197 846 1273 αῦτῆς
866 1197 991 1278 γλίχεαι·

188 1285 258 1346 ὅσον
274 1289 326 1364 μέν
347 1314 395 1348 νυν
414 1287 518 1349 παντός
538 1291 587 1346 τοῦ
605 1286 751 1360 Ἑλλήνων
770 1289 893 1364 στρατοῦ
914 1286 993 1347 ε’δέου

188 1373 331 1454 ἡγέεσθαι,
353 1375 460 1452 ε’ξήρκει
483 1375 551 1452 ἡμῖν
574 1379 650 1434 τοῖσι
670 1373 845 1450 Ἀθηναίοισι
868 1373 992 1452 ἡσυχίην

187 1461 273 1543 άγειν,
288 1467 500 1541 ἐπισταμένοισι
519 1463 554 1527 ιῦς
570 1463 586 1524 ό
599 1463 698 1522 Λάκων
717 1461 815 1525 ἱκανάς
826 1489 870 1522 τοι
889 1464 993 1538 ἔμελλε

189 1551 305 1612 ἔσεσθαι
325 1553 371 1611 καὶ
392 1552 462 1630 ὑπὲρ
485 1552 652 1629 ἀμφοτέρων
672 1550 905 1632 ἀπολογεύμενος·
931 1552 994 1613 ε’πεί

186 1663 218 1698 τε
245 1639 275 1698 δὲ
302 1639 414 1716 άπάσης
441 1640 665 1717 ἀπελαυνόμενος
690 1642 763 1699 δέεαι
789 1643 840 1714 τῆς
862 1644 993 1716 ναυτικῆς

187 1725 291 1806 άρχειν,
307 1727 377 1788 οὕτω
391 1730 448 1807 ἔχει
460 1755 515 1788 τοι·
537 1728 593 1788 οὐδ’
606 1727 641 1804 ῆν
654 1727 670 1789 ό
684 1728 783 1788 λάκων
802 1729 865 1808 ε’πίη
883 1753 927 1786 τοι
943 1727 992 1806 άρ-

186 1841 247 1895 χειν
260 1815 352 1893 αὐτῆς,
366 1816 446 1894 ἡμεῖς
462 1817 613 1894 έπήσομεν·
635 1817 757 1894 ἡμετέρη
772 1815 828 1897 γάρ
842 1821 903 1876 ε’στι
920 1815 993 1894 αῦτη

186 1906 282 1985 γε,μὴ
301 1905 392 1964 αῦτιῦν
408 1907 590 1982 βουλομένων
608 1905 842 1982 Λακεδαιμονίων·
862 1904 992 1965 τούτοισι

186 1996 238 2069 μὲν
265 1993 302 2054 ὧν
328 1992 463 2074 ἡγέεσθαι
488 1994 695 2070 βουλομένοισι
716 1991 765 2052 οῦκ
794 1992 998 2068 ἀντιτείνομεν,

187 2078 268 2160 άλλιρ
288 2081 317 2140 δὲ
336 2081 502 2158 παρήσομεν
524 2082 612 2142 οὐδενὶ
632 2082 802 2160 ναυαρχέειν·
823 2080 914 2156 μάτην
934 2080 992 2161 γάρ

187 2167 221 2228 ἂν
237 2167 288 2228 ὧδε
304 2169 432 2245 πάραλον
444 2168 590 2246 Ἑλλήνων
603 2171 726 2247 στρατόν
743 2173 879 2228 πλεῖστον
897 2169 993 2244 εἴημεν

187 2258 339 2332 ἐκτημένοι,
361 2261 385 2315 εἰ
408 2259 626 2334 Συρηκουσίοισι
647 2257 737 2321 ε’όντες
756 2256 901 2332 Ἀθηναῖοι
921 2283 992 2339 συγ-

186 2345 352 2424 χωρήσομεν
374 2349 425 2422 τῆς
447 2345 606 2427 ἡγεμονίης,
627 2345 814 2426 ἀρχαιότατον
837 2347 889 2421 μὲν
913 2346 993 2410 ἔθνος

186 2432 372 2512 παρεχόμενοι
385 2439 484 2510 μοῦνοι
497 2435 527 2494 δὲ
545 2435 634 2498 ε’όντες
651 2434 684 2495 οῦ
699 2433 873 2512 μετανάσται
885 2431 991 2510 Ἐλλή-

187 2547 249 2581 νων·
273 2525 328 2581 τιῦν
353 2523 399 2580 καὶ
416 2521 545 2599 Ὅμηρος
569 2522 585 2583 ό
609 2523 742 2585 ἐποποιός
766 2521 852 2598 ἄνδρα
873 2519 993 2598 ἄριστον

186 2610 276 2686 ἔφησε
289 2615 316 2674 ἐς
324 2609 416 2671 Ἴλιον
428 2609 590 2681 άπικέσθαι,
600 2611 682 2680 τάξαι
695 2635 726 2670 τε
740 2611 786 2668 καὶ
796 2609 992 2686 διακοσμῆσαι

186 2698 317 2775 στρατόν·
339 2698 411 2758 οὕτω
430 2699 481 2758 οῦκ
501 2699 604 2762 ὄνειδος
625 2698 704 2759 οῦδὲν
724 2698 793 2776 ἡμῖν
814 2703 876 2758 ε’στι
896 2698 993 2779 λέγειν

141 2789 196 2847 162
205 2786 317 2846 ταῦτα’
346 2787 497 2865 Ἀμείβετο
511 2791 606 2848 Γέλων
615 2789 721 2849 τοῖσδε·
739 2799 756 2824 “
765 2789 836 2858 ξεῖνε
848 2786 990 2863 Ἀθηναῖε,

185 2875 262 2952 ἡμεῖς
280 2876 372 2935 οἴκατε
390 2876 453 2939 τοῦς
468 2879 520 2952 μέν
538 2876 676 2956 άρχοντας
692 2879 765 2957 ἔχειν
780 2876 845 2939 τοῦς
863 2876 892 2934 δὲ
908 2874 990 2952 α’ρξο-

184 2964 282 3040 μένους
302 2963 352 3023 οῦκ
373 2966 455 3043 ἔχειν·
478 2967 538 3025 ἐπεὶ
556 2966 650 3026 τοίνυν
672 2967 751 3026 οῦδὲν
771 2965 895 3027 ῦπιέντες
916 2965 992 3042 ἔχειν

184 3051 217 3110 τό
230 3057 286 3112 πᾶν
299 3053 417 3122 ε’θέλετε,
429 3051 479 3112 οῦκ
492 3053 527 3113 δν
537 3055 673 3130 φθάνοιτε
685 3056 737 3130 τῆν
746 3056 886 3133 ταχίστην
896 3051 991 3112 όπίσω

185 3139 439 3218 οἷπαλλασσόμενοι
454 3142 499 3200 καὶ
515 3142 705 3223 ἀγγέλλοντες
717 3148 753 3222 τῆ
765 3141 886 3200 Ἑλλάδι
900 3139 944 3200 ότι
958 3146 990 3201 ε’κ

184 3231 235 3285 τοῦ
251 3231 376 3288 ἐνιαυτοῦ
392 3230 425 3288 τό
444 3231 494 3306 ἔαρ
507 3230 577 3308 αὐτῇ
592 3229 795 3307 ε’ξαραίρηται.”
830 3227 912 3294 οῦτας
928 3229 991 3290 δέό

186 3313 248 3376 νόος
260 3314 342 3374 τοῦδε
354 3321 404 3376 τοῦ
420 3316 552 3393 ῥήματος,
566 3318 599 3378 τό
614 3319 705 3379 ε’θίλει
721 3320 823 3400 λέγειν·
844 3319 919 3396 δῆλα
932 3317 991 3396 γάρ
