2250 3552
139 160 280 226 ιιι-ιιι]
465 163 618 211 omum.
664 147 666 150 ’
733 192 737 202 .
888 159 935 212 277

138 239 307 316 Μαρδονίου,
322 241 401 321 ἔλεγε
417 240 493 300 τάδε·
515 239 637 316 ’(άνδρες
652 241 805 316 Ἀθηναῖοι,
825 239 938 317 Μαρδό·

138 354 194 392 νιος
211 328 278 387 τάδε
297 330 384 409 λέγει·
406 331 468 405 ἐμοὶ
486 329 605 410 ἀγγελίη
621 328 682 404 ἥκει
702 328 779 406 παρά
798 330 938 405 βασιλέος

136 417 263 497 λέγουσα
283 414 362 475 οὕτω·
389 416 565 493 Ἀθηναίοισι
585 417 635 480 τός
658 416 819 495 ἁμαρτάδας
838 416 889 480 τοίς
910 423 937 481 ἐς

137 507 185 580 ἐμὲ
199 505 230 574 ἐξ
243 505 350 565 ἐκείνων
362 505 512 586 γενομένας
525 505 620 568 πάσας
633 506 756 582 μετίημι·
771 510 820 566 νῦν
832 532 863 565 τε
877 503 937 577 ὦδε,

137 592 287 672 Μαρδόνιε,
310 593 396 653 ποίεε·
426 597 511 653 τοῦτο
531 595 582 670 μέν
605 593 657 669 την
677 598 732 675 γῆν
750 600 806 670 σφι
824 593 937 658 ἀπόδος·

136 686 221 742 τοῦτο
234 682 271 756 δέ,
287 680 380 758 ἀλλην
392 681 463 759 πρός
472 682 558 760 ταύτῃ
569 683 693 743 ἑλέσθων
706 682 785 743 αὐτοὶ
798 683 894 758 ἥντινα
904 682 938 743 ἂν

137 771 257 831 ἐθέλωσι
275 769 365 835 ἐόντες
382 770 541 847 αότόνομοι·
563 770 609 847 ἱρά
625 796 656 830 τε
672 769 763 831 πάντα
776 778 840 846 σφι,
854 769 889 846 ἢν
903 771 937 847 δὴ

136 858 299 933 βούλωνταί
313 885 347 940 γε
363 860 426 936 ἐμοὶ
444 858 616 940 ὁμολογέειν,
630 858 798 937 ἀνόρθωσον,
814 858 870 918 ὅσα
884 859 938 940 ε’γιδ

137 947 287 1024 ἐνέπρησα.
327 947 432 1008 τούτων
455 947 484 1007 δέ
510 947 675 1028 ἀπιγμένων,
699 946 854 1029 ἀναγκαίως
881 950 938 1026 ἔχει

136 1061 185 1108 μοι
195 1037 299 1096 ποιέειν
308 1039 403 1110 ταῦτα,
415 1034 450 1112 ἢν
462 1035 502 1113 μὴ
515 1035 549 1096 τό
562 1036 694 1113 όμέτερον
707 1035 801 1096 ἀντίον
813 1038 937 1117 γένηται·

135 1124 211 1204 λέγω
224 1125 254 1184 δέ
266 1124 331 1201 ὑμῖν
343 1125 418 1186 τάδε·
435 1128 484 1184 νῦν
496 1127 527 1185 τί
536 1125 670 1202 μαίνεσθε
679 1125 806 1202 πόλεμον
818 1125 940 1200 βασιλέϊ

135 1210 354 1290 ἀνταειρόμενοι;
376 1211 508 1293 οὔτεγὰρ
522 1211 556 1272 ἃν
574 1212 787 1289 όπερβάλοισθε
803 1211 867 1271 οίπε
884 1213 940 1272 οἶοί

135 1325 166 1359 τε
182 1305 247 1360 ἐστέ
263 1302 388 1381 ἀντέχειν
403 1300 453 1362 τόν
468 1300 560 1361 πάντα
577 1300 688 1380 χρόνον·
713 1301 798 1360 εἴδετε
813 1303 866 1378 μὲν
881 1301 937 1382 γάρ

124 1392 185 1464 ’τῆς
206 1391 313 1467 Ξέρξεω
333 1391 545 1468 στρατηλασίης
565 1390 599 1449 τό
616 1390 727 1465 πλῆθος
744 1391 789 1449 καὶ
803 1390 839 1449 ra*
859 1391 935 1472 ἔργα·

135 1479 310 1538 πυνθάνεσθε
323 1479 352 1538 δὲ
366 1480 412 1538 καὶ
422 1478 473 1555 την
483 1483 532 1538 νῦν
541 1478 606 1556 παρ’
620 1478 682 1552 ἐμοὶ
696 1481 798 1538 ἐοῦσαν
812 1476 936 1556 δύναμιν·

137 1564 210 1627 ὥστε
224 1567 269 1626 καὶ
282 1567 316 1644 ἢν
329 1567 417 1644 ἡμέας
428 1567 641 1644 ὑπερβάλησθε,
653 1567 700 1625 καὶ
713 1567 853 1644 νικήσητε,
865 1570 936 1647 (τοῦ·

135 1680 187 1732 περ
208 1655 273 1732 ὑμῖν
295 1655 408 1732 οὐδεμία
429 1655 509 1718 ἐλπὶς
532 1657 608 1732 εἴπερ
631 1654 661 1714 εὖ
684 1657 836 1736 φρονέετε,)
860 1655 936 1732 άλλη

135 1743 274 1820 παρέσται
284 1744 498 1820 πολλαπλησίη.
542 1743 582 1820 μη
597 1743 634 1803 ὧν
646 1743 790 1818 βούλεσθε
805 1743 936 1821 παρισεό-

135 1857 213 1908 μενοι
233 1833 361 1909 βασιλέϊ,
382 1832 534 1909 στέρεσθαι
554 1834 606 1908 μὲν
624 1835 675 1908 τῆς
693 1831 793 1911 χώρης,
815 1833 887 1891 θέειν
907 1831 937 1890 δὲ

136 1921 188 1979 αἶεὶ
201 1921 265 1999 περὶ
277 1919 368 1998 όμέων
381 1920 479 1981 αὐτῶν·
502 1919 579 1979 ἀλλά
594 1919 804 1980 καταλύσασθε·
821 1921 937 1998 παρέχει

136 2009 165 2068 δέ
186 2008 252 2086 ὖμῐν
273 2008 417 2069 κάλλιστα
438 2007 663 2078 καταλύσασθαι,
688 2009 828 2084 βασιλέος
850 2008 937 2087 ταύτῃ

136 2096 304 2174 ὁρμημένου.
348 2099 412 2158 ἐστε
426 2097 573 2175 ἐλεύθεροι,
592 2096 660 2172 ἡμῖν
673 2095 827 2175 ὁμαιχμίην
840 2097 936 2156 συνθέ-

135 2211 214 2261 μενοι
234 2185 298 2246 άνευ
317 2212 348 2246 τε
369 2186 455 2246 δόλου
476 2187 522 2244 καὶ
542 2184 660 2262 ἀπάτης.
703 2185 860 2262 Μαρδόνιος
885 2187 937 2262 μέν

135 2278 230 2345 ταῦτα,
245 2273 426 2351 ὦἈθηναῖοι,
439 2273 595 2334 ἐνετείλατό
604 2299 654 2351 μοι
664 2276 750 2334 εἰπεῖν
763 2274 833 2352 πρός
840 2273 936 2351 ὑμέας·

136 2361 190 2443 ἐγῶ
210 2363 240 2422 δέ
260 2365 323 2444 περὶ
338 2365 390 2440 μέν
407 2361 512 2438 εὐνοίης
528 2367 578 2438 τῆς
596 2361 666 2441 πρός
684 2361 769 2439 όμέας
787 2363 887 2440 ἐούσης
908 2364 938 2434 ἐξ

136 2455 202 2528 ἐμεΐ
215 2451 294 2511 οὐδὲν
306 2452 387 2522 λέξω·
409 2449 455 2531 (οὗ
468 2450 522 2532 γάρ
536 2449 570 2510 ἂν
584 2456 631 2511 νῦν
644 2454 754 2527 πρῶτον
769 2452 937 2532 ἐκμάθοιτε)

136 2541 316 2620 προσχρηίζω
332 2541 362 2600 δὲ
379 2540 476 2617 ὖμέων,
491 2540 639 2599 πείθεσθαι
658 2539 817 2618 Μαρδονίῳ·
840 2541 937 2615 ἐνορέω

136 2628 189 2708 γάρ
202 2629 268 2706 όμῐν
281 2628 331 2688 οὐκ
345 2629 434 2688 οἵοισί
449 2653 479 2688 τε
494 2629 655 2704 ἐσομένοισι
668 2627 717 2687 τόν
730 2626 821 2686 πάντα
834 2627 936 2704 χρόνον

137 2719 284 2794 πολεμέειν
297 2718 399 2795 Ξέρξη·
420 2719 457 2798 (εἰ
469 2717 523 2797 γὰρ
538 2716 643 2794 ἐνάρων
658 2720 742 2775 τοῦτο
757 2719 786 2774 ἐν
799 2714 872 2791 ὑμῖν,
887 2714 937 2773 οὐκ

140 2800 174 2864 άν
188 2831 251 2865 κοτε
269 2811 297 2868 ἐς
315 2805 400 2882 ίμέας
420 2805 510 2880 ἦλθον
530 2805 599 2883 έχων
619 2804 722 2885 λόγους
741 2802 864 2881 τούσδε)
892 2802 937 2861 καὶ

137 2892 190 2972 γάρ
212 2893 324 2971 δύναμις
342 2893 412 2971 όπέρ
433 2892 577 2971 ἄνθρωπον
597 2891 615 2968 ἦ
636 2893 775 2967 βασιλέος
799 2892 868 2960 ἐστὶ,
892 2891 937 2950 καὶ

137 2982 199 3060 χεὶρ
219 2979 387 3058 ὑπερμήκης.
429 2979 464 3057 ἢν
485 2979 521 3041 ὧν
540 2981 581 3058 μή
603 2979 701 3041 αὐτίκα
729 2978 936 3060 ὁμολογήσητε,

137 3069 248 3150 μεγάλα
263 3076 461 3147 προτεινόντων
478 3068 519 3128 ἐπ’
539 3070 598 3129 οἶσι
616 3068 779 3150 ὁμολογέειν
798 3068 936 3137 ἐθέλουσι,

137 3156 266 3234 δειμαίνω
278 3157 348 3236 όπέρ
360 3158 458 3235 ἀμέων,
470 3164 499 3218 ἐν
511 3159 601 3236 τρίβῳ
611 3183 641 3216 τε
650 3157 778 3233 μάλιστα
788 3155 938 3230 οἰκημένων

137 3248 191 3304 τῶν
207 3246 363 3324 συμμάχων
379 3245 490 3305 πάντων
506 3247 562 3303 αἰεί
575 3270 605 3302 τε
620 3244 809 3320 φθειρομένων
821 3242 936 3317 μούνων,

139 3334 277 3412 ἐξαίρετόν
290 3359 318 3394 τι
331 3334 497 3412 μεταίχμιον
510 3331 561 3406 την
570 3334 624 3410 γῆν
638 3331 818 3405 κεκτημένων.
860 3327 938 3388 ἀλλά

153 3413 252 3466 [[-22
696 3443 698 3448 ·
