2258 3568
188 131 218 182 τι
336 131 338 136 ·
491 129 672 176 ιιυοιοτοι
798 153 804 164 ·
834 181 838 188 ,
917 129 987 194 [VI.

185 210 249 269 τότε
277 208 372 272 ἐόντας
396 210 557 284 βουλεῦσαι
582 209 651 268 κατὰ
675 209 761 286 νόμον
784 211 912 285 βασιλέα
934 216 991 272 τῶν

186 298 291 358 παίδων
298 297 347 356 τὸν
355 295 550 374 πρεσβύτερον
558 296 745 373 ποιήσασθαι·
758 296 845 358 σύκων
855 299 890 374 δή
898 307 991 374 σφεας

188 388 260 465 ἔχειν
282 385 413 460 ὁκότερον
437 386 560 454 ἕλωνται,
581 385 653 444 ὥστε
672 386 718 444 καὶ
736 385 838 462 ὁμοίων
857 387 903 444 καὶ
915 389 992 459 ,ἴσων

186 474 294 543 ἐόντων,
309 472 341 532 ού
358 473 525 550 δυναμένους
540 473 570 532 δὲ
582 478 692 554 γνῶναι,
705 472 724 550 ή
746 475 792 532 καὶ
810 473 866 550 πρδ
881 475 990 546 τούτου,

187 565 337 639 ἐπειρωτᾶν
355 561 406 636 τήν
426 565 573 620 τεκοῦσαν·
594 561 645 636 τήν
664 561 693 620 δέ
715 560 778 621 ούδέ
796 561 884 638 αύτήν
903 564 991 639 φάναι

187 650 386 731 διαγινιύσκειν,
402 650 503 708 εἰδυῖαν
516 652 569 726 μὲν
582 651 628 708 καὶ
640 649 673 709 τό
689 650 776 727 κάρτα
789 650 883 732 λέγειν
903 657 991 712 ταῦτα

185 738 364 814 βουλομένην
379 738 408 796 δὲ
423 737 447 796 εἶ
460 763 512 800 κως
528 736 685 814 ἀμφότεροι
701 738 829 818 γενοίατο
842 739 991 814 βασιλέες·

185 826 250 888 τοῦς
267 821 304 885 ὦν
323 825 356 901 δή
371 825 605 901 Λακεδαιμονίους
618 823 755 901 ἀπορέειν·
777 824 948 902 ἀπορέοντας
962 828 991 887 δέ

186 916 305 990 πέμπειν
319 918 346 976 ἐς
361 913 502 988 Δελφούς,
518 915 750 990 ἐπειρησομένους
763 913 779 973 ὅ
792 939 820 973 τι
832 913 991 992 χρήσονται

185 1005 223 1081 τῷ
236 1002 393 1082 πρήγματι;
415 1001 467 1076 τήν
480 1001 509 1060 δὲ
524 1002 634 1086 Πυθήην
649 1001 770 1061 κελεύειν
788 1003 881 1078 σφέας
896 1001 990 1078 α’μφό-

184 1116 251 1168 τερα
268 1091 303 1150 τιῖ
323 1091 419 1149 παιδία
435 1088 601 1170 ἡγήσασθαι
613 1089 762 1164 βασιλέας,
776 1093 860 1166 τιμᾶν
873 1089 903 1148 δέ
916 1095 990 1166 μᾶλ-

186 1181 238 1238 λον
256 1178 305 1238 τόν
323 1179 492 1259 γεραίτερον·
513 1176 565 1252 τήν
582 1180 634 1254 μὲν
651 1176 684 1252 δή
700 1177 810 1253 Πυθίην
826 1177 916 1237 ταῦτα’
934 1185 990 1254 σφι

186 1265 303 1330 α’νελεῖν·
324 1269 401 1325 τοῖσι
420 1265 449 1324 δὲ
466 1265 720 1342 Λακεδαιμονίοισι,
735 1262 889 1342 οἶπορέουσι
910 1265 990 1327 ούδέν

186 1353 274 1413 ἕσσον
293 1353 361 1415 ὅκως
380 1352 510 1429 ἐξεύρωσι
528 1351 619 1411 αύτιῦν
636 1351 686 1411 τὸν
703 1351 907 1429 πρεσβύτερον,
921 1353 989 1414 ῦπα-

186 1441 287 1502 θέσθαι
307 1439 393 1517 ἄνδρα
407 1440 574 1514 Μεσσήνιον
595 1444 633 1518 τῷ
649 1438 753 1516 οῦνομα
768 1440 837 1499 εἶναι
852 1441 988 1518 Πανίτην·

185 1527 342 1590 ὑποθέσθαι
363 1529 393 1587 δὲ
413 1533 512 1588 τοῦτον
530 1528 579 1588 τόν
593 1528 718 1603 Πανίτην
731 1527 797 1586 τόδε
810 1532 886 1587 τοῖσι
900 1535 989 1588 Λακε-

186 1616 362 1694 δαιμονίοισι,
383 1615 507 1692 φυλάξαι
528 1615 579 1691 τήν
600 1617 763 1696 γειναμένην
784 1615 915 1692 ὁκότερον
934 1621 989 1678 τῶν

185 1705 300 1764 παιδίων
314 1704 449 1782 πρότερον
463 1703 541 1763 λούει
555 1705 600 1762 καὶ
614 1705 722 1774 σιτίζει·
745 1701 838 1780 καὶῆν
850 1707 903 1781 μὲν
918 1705 989 1764 κατὰ

185 1792 220 1853 τό
243 1792 313 1853 αύτοὶ
337 1794 469 1868 φαίνηται
492 1793 544 1850 αἰεὶ
566 1796 694 1862 ποιεῦσα,
708 1792 773 1856 τοῦς
794 1793 824 1851 δὲ
842 1797 899 1852 πᾶν
918 1793 988 1862 ἕξειν

186 1880 255 1941 ὅσον
277 1907 305 1941 τι
329 1881 375 1940 καὶ
400 1881 521 1956 δίζηνται
546 1881 591 1938 καὶ
613 1881 730 1940 θέλουσι
755 1881 881 1959 ἐξευρεῖν·
902 1879 937 1957 ήν
958 1883 988 1942 δέ

186 1973 328 2030 πλανᾶται
353 1971 398 2028 καὶ
423 1970 511 2044 ἐκείνη
535 1969 660 2038 ἐναλλὰξ
682 1973 810 2040 ποιεῦσα,
835 1969 908 2045 δήλό
931 1979 987 2047 σφι

186 2059 303 2119 ἐσεσθαι
323 2057 358 2120 (ῦς
376 2057 437 2116 ούδὲ
452 2058 541 2132 ἐκείνη
554 2057 643 2116 πλέον
657 2057 736 2118 ούδέν
750 2058 816 2117 οἶδε·
839 2057 880 2118 ἐπ’
894 2057 988 2134 ἄλλην

185 2147 217 2206 τέ
234 2153 326 2223 σφεας
346 2145 504 2222 τραπέσθαι
522 2143 595 2204 ὁδόν·
618 2146 736 2205 ἐνθαῦτα
756 2145 789 2222 δή
811 2146 875 2210 τούς
894 2147 987 2224 Σπαρ-

185 2234 289 2308 τιήτας,
310 2232 379 2292 κατὰ
401 2233 450 2294 ταῖς
471 2237 521 2291 τοῦ
540 2233 708 2308 Μεσσηνίου
727 2233 876 2308 ύποθήκας,
896 2233 987 2309 φυλό-

185 2321 285 2402 ξαντας
297 2319 348 2394 τήν
361 2321 467 2396 ’μητέρα
481 2323 535 2380 τοῖν
548 2319 754 2398 Ἀριστοδήμου
767 2322 871 2382 παιδων
884 2323 988 2398 λαβεῖν

186 2408 257 2468 κατα
270 2408 306 2468 τό
319 2408 388 2468 αύτᾶ
403 2413 530 2484 τιμῶσαν
543 2408 593 2469 τόν
606 2409 742 2487 πρότερον
756 2411 801 2468 καὶ
815 2411 923 2489 σίτοισι
942 2413 988 2470 καὶ

185 2500 340 2574 λουτροῖσι,
356 2496 405 2555 οῦκ
424 2497 525 2557 εἰδυῖαν
538 2501 592 2558 ταῖν
607 2497 708 2557 εἵνεκεν
722 2497 915 2574 ἐφυλάσσετο·
936 2503 988 2558 λα-

185 2585 291 2661 βόντας
310 2584 339 2643 δὲ
355 2583 387 2644 τδ
407 2585 517 2645 παιδίον
529 2584 563 2644 τό
576 2585 732 2662 τιμώμενον
747 2585 817 2663 πρὸς
835 2591 884 2661 τῆς
897 2612 987 2667 γεινα-

185 2673 278 2750 μένης,
294 2673 329 2736 αῖς
342 2673 387 2733 ἐδν
404 2673 540 2750 πρότερον
559 2675 672 2750 τρέφειν
685 2679 714 2734 ἐν
727 2678 765 2752 τῷ
784 2674 919 2754 δημοσίῳ·
941 2675 989 2734 καί

187 2765 214 2821 οἱ
241 2761 346 2839 οὔνομα
369 2763 482 2836 τεθῆναι
509 2761 695 2839 Εὐρυσθένεα,
723 2766 761 2841 τῷ
788 2763 817 2821 δέ
843 2762 987 2844 [νεωτέρῳ]

186 2850 329 2927 Προκλέα·
351 2849 463 2912 τούτους
474 2849 667 2926 ἀνδρωθέντας,
680 2849 779 2914 αύτούς
788 2871 819 2910 τε
833 2850 988 2928 ἀδελφεούς

187 2938 282 3001 ἐόντας
303 2939 421 3018 λέγουσι
442 2937 592 3014 διαφόρους
615 2938 684 2997 εἶναι
705 2938 754 2998 τόν
776 2938 868 2998 πάντα
885 2939 988 3018 χρόνον

185 3029 236 3100 τῆς
250 3025 314 3100 ζόης
324 3024 489 3100 ἀλλήλοισι,
499 3025 545 3082 καὶ
557 3024 622 3088 τοῦς
636 3024 692 3084 αἷπδ
707 3025 810 3086 τούτων
823 3028 989 3107 γενομένους

139 3114 178 3170 53
190 3111 319 3174 εύσαύτως
332 3112 491 3170 διατελέειν.
532 3115 626 3170 Ταῦτα
643 3115 694 3188 μὲν
707 3113 921 3190 Λακεδαιμόνιοι
941 3117 988 3174 λέ-

187 3223 271 3276 γουσι
291 3202 389 3272 μοῦνοι
402 3197 555 3273 Ἑλλήνων·
576 3197 642 3256 τάδε
663 3199 692 3256 δὲ
713 3199 783 3258 κατεῖ
799 3201 834 3260 τοὶ
848 3201 989 3282 λεγόμενα

186 3282 241 3342 ῦπῦ
263 3283 407 3358 Ἑλλήνων
429 3283 483 3361 ἐγώ
504 3283 760 3362 γρύφω·...τούτους
778 3287 842 3350 τοῦς
860 3291 989 3366 Δωριέων
