2276 3554
171 147 212 212 ιο]
482 148 666 196 nomm
917 149 964 197 12⁵

168 229 214 286 καὶ
238 226 473 305 σταθμώσασθαι,
497 232 520 286 εἰ
541 227 676 306 στρατιήν
696 253 730 310 γε
751 227 894 305 τοσαύτην
914 227 967 290 σύν

168 315 241 376 Δάτι
254 317 300 376 καὶ
313 315 497 394 Ἀρταφέρνεῖ
510 317 651 376 ἐλθοῦσαν
665 321 693 380 ἐς
705 315 756 392 τήν
769 315 899 394 Ἀττικήν
911 317 966 397 χώ-

166 431 219 481 ρην
231 408 330 482 μοῦνοι
343 404 487 480 Ἀθηναῖοι
500 404 669 482 διέφθειραν.
705 403 754 464 οῦκ
769 404 805 464 ὧν
819 405 966 486 ἀμφοτέρῃ

167 498 224 568 σφι
246 492 381 571 ἐχώρησε·
403 491 468 550 ἀλλ’
489 491 524 569 ἦν
544 497 612 572 τῇσι
636 493 719 569 νηυσὶ
741 492 900 569 ἐμβάλωσι,
922 497 968 555 καὶ

167 579 330 656 νικήσαντες
347 581 487 660 ναυμαχίῃ
508 581 617 640 πλέωσι
639 586 667 643 ἐς
686 581 736 640 τόν
753 580 969 657 Ἑλλήσποντον

167 669 215 727 καὶ
228 670 322 728 ἔπειτα
336 668 447 728 λύσωσι
461 667 513 745 τήν
531 670 664 750 γέφυραν,
678 673 762 729 τοῦτο
778 668 821 743 δή,
835 671 969 745 βασιλεῦ,

165 757 273 838 γίνεται
294 756 392 817 δεινόν.
434 756 488 838 ἐγώ
503 757 533 816 δὲ
547 756 662 836 ούδεμιῇ
676 758 767 836 σοφίῃ
780 757 871 836 οἰκηίῃ
887 756 970 822 αύτδς

166 849 256 904 ταῦτα
277 845 495 923 συμβάλλομαι,
516 844 581 905 ἀλλ’
599 844 658 905 οἶόν
679 871 743 905 κοτε
762 843 849 922 ήμέας
869 845 969 926 όλίγου

167 932 266 1008 ἐδέησε
290 935 463 1010 καταλαβεῖν
487 933 585 1003 πάθος,
609 931 655 993 ὅτε
682 932 774 1009 πατήρ
799 932 852 996 σῦς
875 933 970 1005 ζεύξας

168 1020 321 1098 Βόσπορον
346 1022 396 1081 τόν
420 1022 559 1099 Θρηίκων,
587 1020 755 1102 γεφυρώσας
785 1020 815 1080 δέ
842 1021 970 1098 ποταμόν

164 1106 280 1187 Ἴστρον
301 1109 383 1186 διέβη
403 1110 449 1169 ἐπὶ
469 1108 585 1180 Σκύθας,
607 1108 671 1170 τότε
692 1112 819 1170 παντοῖοι
841 1110 968 1190 ἐγένοντο

169 1196 275 1261 Σκύθαι
296 1192 420 1275 δεόμενοι
433 1197 531 1258 Ἰώνων
544 1202 632 1258 λῦσαι
645 1197 694 1258 τόν
707 1197 804 1274 πόρον,
818 1201 894 1257 τοῖσι
913 1202 969 1258 ἐπι-

166 1286 307 1363 τέτραπτο
319 1287 338 1364 ή
352 1287 468 1363 φυλακή
481 1292 536 1346 τῶν
548 1287 691 1368 γεφυρέων
710 1290 761 1346 τοῦ
777 1285 901 1363 Ἴστρου·
923 1287 969 1346 καὶ

167 1372 233 1434 τότε
254 1401 288 1456 γε
305 1375 438 1438 Ἱστιαῖος
455 1374 471 1434 ό
490 1374 622 1451 Μιλήτου
642 1374 773 1452 τύραννος
787 1379 811 1434 εἰ
831 1376 968 1435 ἐπέσπετο

167 1466 224 1523 τιῦν
237 1461 332 1523 ἄλλων
344 1463 483 1540 τυράννων
498 1489 533 1542 τῃ
546 1464 651 1544 γνώμῃ,
664 1462 735 1539 μηδὲ
755 1461 882 1540 ἠντιώθη,
898 1464 967 1542 διέρ-

167 1577 261 1630 γαστο
277 1549 312 1611 άν
331 1552 367 1612 τά
381 1553 515 1628 Περσέων
535 1551 696 1633 πρήγματα·
718 1552 807 1611 καίτοι
826 1553 872 1610 καὶ
892 1552 967 1633 λόγῳ
992 1595 997 1599 -

168 1637 290 1699 αἰτοῦσαι
310 1639 408 1709 δεινόν,
423 1638 465 1698 ἐπ’
479 1638 560 1716 ἀνδρί
570 1666 604 1720 γε
618 1641 656 1699 ἐνὶ
670 1639 761 1698 πάντα
778 1640 814 1700 τά
829 1641 967 1716 βασιλέος

167 1728 321 1808 πρήγματα
340 1729 519 1810 γεγενῆσθαι.
561 1728 599 1787 σύ
613 1727 649 1787 ών
662 1727 703 1804 μή
716 1727 823 1803 βούλευ
840 1732 868 1790 ἐς
882 1728 967 1788 κίνδυ-

168 1839 216 1876 νον
237 1816 343 1893 μηδένα
363 1821 489 1876 τοωῦτον
510 1815 669 1886 ἀπικέσθαι,
690 1815 827 1891 μηδεμιῆς
846 1814 967 1895 ἀνάγκης

169 1903 282 1980 ἐούσης·
304 1903 370 1963 ἀλλ’
392 1905 455 1981 ἐμοὶ
475 1905 582 1964 πείθευ·
604 1908 652 1964 νῦν
675 1906 727 1980 μὲν
750 1902 800 1963 τόν
823 1902 967 1984 σύλλογον

166 1992 247 2052 τόνδε
259 1992 404 2052 διάλυσον·
425 1991 501 2056 αῦτίς
513 2019 552 2063 τε,
567 1992 634 2052 ὅταν
646 2017 690 2051 τοι
703 1991 792 2069 δοκέῃ,
807 1991 966 2069 προσκεψά-

166 2105 250 2153 μενος
269 2081 315 2139 ἐπὶ
332 2083 462 2148 σεωυτοῦ,
480 2078 651 2160 προαγόρευε
671 2077 707 2138 τά
724 2105 768 2138 τοι
789 2078 877 2138 δοκέει
898 2079 966 2140 εἶναι

166 2165 285 2242 ἄριστα·
311 2166 344 2227 τό
367 2167 423 2248 γάρ
448 2166 476 2226 εὖ
500 2167 690 2242 βουλεύεσθαι
714 2166 809 2242 κέρδος
831 2167 967 2248 μέγιστον

166 2254 287 2330 εύρίσκω
303 2254 358 2315 ἐόν·
380 2258 404 2314 εἰ
420 2255 475 2336 γάρ
496 2257 541 2314 καὶ
562 2255 760 2329 ἐναντιωθῆναί
777 2280 804 2314 τι
820 2255 904 2324 θέλει,
918 2257 965 2331 βε·
997 2322 999 2326 .

165 2342 321 2418 βούλευται
336 2345 388 2419 μὲν
408 2341 487 2402 ούδέν
505 2339 600 2418 ἧσσον
617 2340 654 2412 εῦ,
670 2342 792 2401 ἔσσονται
807 2342 836 2401 δὲ
849 2341 904 2403 ύπδ
917 2347 966 2420 τῆς

164 2429 253 2509 τύχης
272 2430 306 2490 τό
327 2430 484 2507 βούλευμα·
504 2429 520 2490 ό
540 2431 569 2489 δέ
587 2429 816 2506 βουλευσάμενος
835 2435 967 2510 αἰσχρῶς,

165 2519 237 2577 εἶσί
257 2518 277 2594 ἡ
294 2517 366 2598 τύχη
387 2519 543 2587 ἐπίσποιτο,
565 2517 672 2594 εύρημα
694 2517 800 2594 εὕρηκε·
821 2516 917 2594 ἧσσον
938 2519 968 2578 δὲ

164 2604 245 2666 ούδέν
264 2608 292 2666 οἶ
310 2609 398 2670 κακῦς
415 2604 615 2682 βεβούλευται.
657 2604 724 2685 ὁρᾷς
743 2605 779 2665 τά
795 2606 968 2685 ὑπερέχοντα

164 2695 223 2766 ζιῦα
241 2693 277 2758 ώς
295 2693 450 2771 κεραυνοῖά
465 2693 526 2757 θεός
545 2693 609 2753 ούδέ
626 2697 659 2773 ἐᾷ
677 2694 876 2770 φαντάζεσθαι,
890 2693 925 2754 τά
938 2694 968 2754 δέ

163 2781 274 2859 σμικρά
287 2780 366 2842 ούδέν
377 2808 426 2859 μιν
439 2783 539 2854 κνίζει,
561 2781 627 2862 δρᾷς
641 2782 671 2842 δὲ
685 2781 721 2844 ώς
734 2787 762 2845 ές
775 2781 912 2858 οἰκήματα
930 2781 966 2842 τά

162 2870 288 2950 μέγιστα
301 2869 355 2928 αἰεὶ
368 2859 415 2928 καί
426 2869 538 2946 δένδρεα
557 2869 722 2929 τὰτοιαῦτα
741 2868 918 2944 ἀποσκήπτει
931 2869 966 2931 τά

162 2958 273 3034 βέλεος
299 2958 392 3033 φιλέει
414 2957 469 3040 γάρ
492 2955 508 3018 ό
533 2957 596 3020 θεδς
619 2957 655 3016 τά
678 2957 849 3036 ὑπερέχοντα
871 2956 964 3017 πάντα

163 3045 302 3105 κολούειν.
343 3044 413 3104 ούτω
426 3045 461 3121 δή
475 3046 521 3104 καὶ
535 3045 656 3122 στρατός
675 3045 785 3107 τολλὸς
797 3043 851 3103 find
866 3043 965 3125 ὀλίγου

162 3132 355 3210 διαφθείρεται
368 3132 438 3192 κατὰ
450 3132 564 3192 τοιόνδε·
586 3131 669 3190 ἐπεάν
682 3136 738 3204 σφι
752 3129 768 3188 ό
782 3129 844 3190 θεδς
858 3130 961 3203 φθονή-

161 3245 218 3284 σας
236 3219 334 3296 φόβον
354 3218 478 3298 ἐμβάλῃ,
498 3217 517 3292 ἢ
537 3215 670 3292 βροντήν,
689 3213 723 3271 δι’
741 3213 778 3272 ών
799 3212 965 3286 ἐφθάρησαν

161 3308 281 3379 α’ναξίως
302 3310 418 3368 ε’ωντιῦν*
439 3305 471 3364 ού
492 3305 548 3384 γάρ
571 3305 604 3378 ἐᾷ
626 3298 752 3374 φρονέειν
772 3298 846 3372 μέγα
867 3297 883 3355 ὁ
904 3297 965 3360 θεὸς
