2282 3550
161 133 301 198 115-118]
482 131 635 183 ΟΤΡΑΝῙΑ.
664 133 666 137 ’
910 130 957 183 267

159 215 224 279 λεύς
233 219 286 296 γῆς
295 241 326 275 τε
339 219 390 291 τής
404 219 611 292 Κρηστωνικῆς,
623 213 718 291 Θρήϊξ,
732 215 812 294 ἔργον
820 213 959 289 όπερφυές

160 302 310 383 ἐργάσατο·
338 302 369 366 ὃς
385 302 448 363 ούτε
464 301 546 365 αύτδς
565 303 620 378 ἐφη
635 305 673 380 τῷ
691 301 781 380 Ξέρξη
802 299 870 360 ἐκών
891 299 960 359 εἶναι

161 390 330 461 δουλεύσειν,
344 389 410 450 ἀλλ’
421 391 514 470 οἴχετο
524 389 580 450 ἅνω
591 396 618 454 ἐς
628 390 661 449 τό
672 387 752 467 οὖρος
761 388 814 464 τήν
822 387 960 464 Ῥοδόπην

159 479 238 539 τοῖσί
253 504 284 538 τε
301 480 384 539 παισὶ
402 478 558 560 ἀπηγόρευε
573 478 614 555 μή
630 476 833 554 στρατεύεσθαι
851 477 897 536 ἐπὶ
909 475 961 552 τήν

159 565 295 627 Ἑλλάδα·
324 570 352 627 οἱ
373 568 403 627 δὲ
424 565 625 647 ἀλογήσαντες,
646 563 665 641 ἦ
686 563 780 628 άλλως
799 571 855 642 σφι
874 565 961 641 θυμός

161 656 269 735 ἐγένετο
288 654 449 732 θεήσασθαι
466 654 516 714 τόν
534 654 670 730 πόλεμον,
685 652 884 730 ἐστρατεύοντο
902 651 961 729 ἅμα

161 747 198 821 τῷ
214 744 324 822 Πέρσῃ·
352 743 412 803 ἐπεὶ
432 743 463 802 δέ
480 741 662 821 ἀνεχώρησαν
678 741 788 804 άσινέες
804 741 913 811 πάντες,
931 741 962 810 ἐξ

161 831 257 903 ἐόντες,
278 831 394 909 ἐξώρυξε
412 829 502 891 αὐτῶν
515 829 532 890 ὁ
545 829 639 906 πατήρ
656 829 722 893 τούς
737 828 904 906 ὀφθαλμούς
918 829 963 888 διὰ

161 918 212 994 τήν
230 921 320 995 αἰτίην
337 921 450 995 ταύτην·
472 920 518 978 καὶ
531 916 608 978 οὗτοι
621 921 673 995 μὲν
685 921 785 978 τοῦτον
796 915 846 977 τδν
857 916 963 994 μισθόν

162 1008 275 1084 ἔλαβον.
318 1010 354 1066 Οἱ
367 1007 397 1066 δέ
411 1007 523 1084 Πέρσαι
537 1006 572 1070 ώς
585 1012 616 1065 ἐκ
631 1009 681 1082 τῆς
694 1005 816 1082 Θρηίκης
828 1004 942 1082 πορευά-
953 1007 1009 1064 117

162 1119 240 1170 μενοι
252 1093 385 1156 ἀπίκοντο
403 1096 449 1154 ἐπὶ
466 1094 516 1156 τόν
531 1094 627 1171 πόρον,
642 1093 815 1173 ἐπειγόμενοι
831 1092 881 1152 τόν
898 1091 962 1151 Ἑλ-

161 1182 325 1267 λήσποντον
347 1187 416 1262 τῇσι
433 1184 518 1259 νηυσὶ
540 1183 679 1258 διέβησαν
701 1187 728 1245 ἐς
746 1181 883 1258 Ἄβυδον·
913 1180 964 1246 τάς

161 1270 216 1351 γάρ
243 1271 360 1350 σχεδίας
380 1270 430 1332 ουίε
451 1269 531 1349 εὗρον
552 1272 592 1330 ἐτι
613 1270 798 1347 ἐντεταμένας,
821 1269 887 1330 ἀλλ’
907 1268 963 1330 ύπδ

161 1363 296 1438 χειμῶνος
321 1359 531 1436 διαλελυμένας.
574 1360 692 1420 ἐνθαῦτα
719 1359 749 1417 δέ
773 1357 962 1438 κατεχόμενοι,

163 1447 241 1506 σίτια
260 1473 290 1507 τε
312 1448 389 1506 πλέω
410 1447 428 1524 ἢ
452 1447 510 1507 κατ’
532 1447 597 1507 ὁδόν
625 1446 789 1527 ἐλάγχανον,
813 1445 911 1506 ούδένα
932 1473 964 1506 τε

163 1534 271 1613 κόσμον
306 1535 513 1613 ἐμπιπλάμενοι
540 1535 585 1595 καὶ
611 1535 698 1595 ὕδατα
724 1535 963 1612 μεταβάλλοντες,

163 1622 341 1700 α’πέθνησκον
358 1629 409 1684 τοῦ
427 1628 550 1702 στρατοῦ
568 1627 618 1684 ταῦ
631 1623 788 1701 περιεόντος
801 1625 916 1684 πολλοί·
937 1627 965 1684 οἱ

164 1711 193 1770 δέ
206 1713 304 1772 λοιποὶ
317 1710 375 1790 ἅμα
388 1712 479 1792 Ξέρξη
492 1710 668 1772 ιῖπικνέονται
679 1717 706 1774 ἐς
720 1711 829 1789 Σάρδις.

198 1799 285 1860 Ἔστι
306 1801 336 1860 δέ
357 1800 403 1860 καὶ
424 1799 512 1864 ἄλλος
538 1799 584 1860 ὅδε
609 1799 696 1881 λόγος
721 1799 880 1881 λεγόμενος,
910 1798 1012 1862 ώς118

165 1889 259 1964 ἐπειδή
277 1889 383 1966 Ξέρξης
403 1887 565 1948 ἀπελαύνων
586 1888 617 1958 ἐξ
634 1886 773 1964 Ἀθηνέων
791 1887 906 1946 ἀπίκετο
922 1885 964 1946 ἐπ’

164 1975 263 2038 Ἠϊόνα
285 1976 337 2053 τήν
364 1976 409 2036 ἐπὶ
431 1975 577 2054 Στρυμόνι,
600 1977 724 2036 ἐνθεῦτεν
745 1975 835 2034 ούκέτι
856 1974 965 2034 ὁδοιπο-

164 2065 243 2144 ρίῃσι
264 2065 411 2144 διεχρέετο,
435 2064 512 2124 α’λλά
531 2064 584 2139 τήν
604 2067 655 2141 μὲν
682 2063 817 2140 στρατιήν
839 2057 966 2140 Ὑδάρνεϊ

166 2155 305 2230 ἐπιτρέπει
328 2151 447 2232 ἀπάγειν
470 2158 498 2215 ἐς
520 2152 570 2212 τόν
592 2150 816 2226 Ἑλλήσποντον,
839 2151 921 2214 αύτός
942 2151 966 2211 δ’

167 2241 212 2299 ἐπὶ
224 2240 289 2317 νηός
301 2242 455 2316 Φοινίσσης
469 2240 578 2316 ἐπιβάς,
594 2240 735 2316 ἐκομίζετο
750 2245 777 2303 ἐς
791 2241 843 2316 τήν
856 2240 966 2317 Ἀσίην·

166 2328 297 2388 πλώοντα
310 2329 341 2388 δέ
352 2355 401 2406 μιν
411 2328 513 2406 ἄνεμον
524 2329 697 2405 Στρυμονίην
706 2327 864 2406 ὑπολαβεῖν
877 2330 967 2411 μέγαν

131 2445 135 2450 ·
168 2417 213 2474 καὶ
229 2419 371 2494 κυματίην·
399 2418 445 2476 καὶ
461 2416 503 2493 δή,
522 2421 635 2494 μᾶλλον
649 2417 705 2499 γάρ
720 2413 748 2478 τι
764 2419 967 2497 χειμαίνεσθαι,

169 2505 309 2583 γεμούσης
330 2509 380 2582 τῆς
403 2505 476 2582 νηός,
499 2505 571 2564 ὥστε
594 2505 640 2564 ἐπὶ
660 2510 710 2565 τοῦ
733 2505 968 2582 καταστρώματος

169 2593 303 2654 ἐπεόντων
323 2598 434 2673 συχνῶν
454 2595 588 2671 Περσέων
607 2597 662 2654 τῶν
682 2595 736 2653 σύν
749 2594 840 2670 Ξέρξη
859 2595 967 2670 κομιζο-

169 2682 264 2757 μένων,
293 2683 411 2743 ἐνθαῦτα
440 2687 468 2745 ἐς
499 2683 580 2759 δεῖμα
606 2682 730 2742 πεσόντα
756 2680 806 2740 τδν
832 2681 967 2756 βασιλέα,

170 2769 294 2846 εἴρεσθαι
310 2770 446 2847 βώσαντα
463 2771 512 2830 τόν
533 2769 712 2847 κυβερνήτεα,
730 2767 813 2832 εἴτις
832 2768 895 2828 ἐστί
912 2774 969 2844 σφι

170 2860 300 2935 σωτηρίη,
316 2859 361 2917 καὶ
379 2858 429 2918 τόν
445 2885 529 2918 επαι·
551 2870 567 2894 “
579 2858 711 2926 δέσποτα,
731 2855 781 2916 ούκ
800 2857 876 2915 ἐστιν
894 2855 967 2914 ούδε-

169 2947 228 3022 μία,
241 2945 276 3023 ήν
288 2947 328 3023 μή
339 2947 442 3007 τούτων
452 2945 607 3026 ἀπαλλαγή
617 2972 658 3008 τις
668 2945 780 3026 γένηται
790 2947 845 3004 τῶν
852 2947 969 3002 πολλῶν

171 3034 351 3111 ἐπιβατέων·”
382 3035 427 3093 καὶ
447 3035 552 3112 Ξέρξεα
571 3035 684 3114 λέγεται
704 3031 862 3092 ἀκούσαντα
880 3035 969 3090 ταῦτα

172 3121 254 3180 εἶπαι·
286 3121 408 3199 *(ἅνδρες
428 3124 547 3198 Πέρσαι,
570 3126 618 3180 νῦν
644 3147 686 3182 τις
713 3118 860 3188 διαδεξάτω
880 3118 970 3193 ὑμέων

169 3212 310 3284 βασιλέας
326 3210 483 3286 κηδόμενος·
505 3214 534 3268 ἐν
549 3208 615 3285 ύμῖν
634 3207 690 3287 γάρ
711 3206 768 3265 οἶκε
787 3203 856 3264 εἶναι
875 3203 970 3280 ἐμοὶή

171 3293 321 3375 σωτηρίη·”
341 3297 391 3358 τόν
403 3299 454 3374 μὲν
466 3300 554 3356 ταῦτα
570 3295 672 3372 λέγειν·
692 3292 756 3354 τούς
770 3292 799 3350 δέ
818 3290 968 3368 προσκυνέ-
