2276 3554
151 169 196 216 146
452 170 635 220 οινοιιοοοτ
871 169 949 234 [vu.

153 248 205 324 μέν
224 247 277 324 τήν
297 249 392 327 ἑτέρην
407 253 461 310 τῶν
474 251 615 331 γεφυρέων
628 248 680 326 τήν
693 247 763 326 πρδς
775 253 826 310 τοῦ
840 250 952 310 Πόντου

154 335 171 396 ό
184 336 267 408 πεζός
283 363 314 397 τε
328 337 405 414 καὶὴ
420 339 504 402 ἵππος
521 338 627 410 ἅπασα,
643 337 712 396 κατά
726 337 756 396 δὲ
769 338 821 413 τήν
834 337 904 415 πρός
917 339 951 398 τό

153 428 270 506 Αἰγαῖον
291 425 326 485 τά
347 425 484 508 ὐποζύγια
506 428 551 486 καὶ
572 425 590 502 ἡ
613 426 758 503 θεραπηίη·
783 425 900 506 ἡγέοντο
922 426 952 486 δέ

152 517 249 589 πριῖντα
261 518 313 590 μὲν
326 518 353 575 οἶ
365 514 459 592 μύριοι
473 515 585 592 Πέρσαι
603 514 826 590 ἐστεφανωμένοι
842 513 950 585 πάντες,

152 601 223 678 μετὰ
237 603 267 662 δὲ
279 603 393 667 τούτους
406 603 421 664 ὁ
432 601 588 679 σύμμικτος
595 601 715 680 στρατός
728 602 865 662 παντοίων
878 603 951 662 ἐθνέ-

153 717 199 750 ων.
240 691 343 768 ταύτην
355 693 407 768 μέν
420 691 471 768 τήν
484 691 591 770 ἡμέρην
605 689 690 750 οὗτοι·
711 695 747 770 τῇ
766 689 795 748 δὲ
808 689 951 770 ὑστεραίῃ,

153 777 259 856 πρῶτοι
273 782 324 856 μέν
343 781 373 840 οἵ
387 805 418 839 τε
436 779 551 839 ἱππόται
571 780 616 838 καὶ
636 782 664 838 οἱ
683 779 733 842 τάς
749 777 857 860 λόγχας
879 777 952 839 κάτω

152 867 307 943 τρέποντες·
328 867 520 944 ἐστεφάνωντο
542 867 571 927 δὲ
592 868 638 926 καὶ
661 865 747 926 οὗτοι·
772 866 842 944 μετά
864 867 902 938 δὲ,
925 870 953 948 οζ

152 981 182 1014 τε
204 955 284 1015 ἵπποι
305 959 332 1015 οἶ
351 957 404 1033 ἱροὶ
418 957 464 1014 καὶ
476 955 510 1016 τό
524 955 601 1033 ἅρμα
613 954 646 1015 τό
661 954 729 1032 ἱρόν·
751 955 795 1014 ἐπὶ
817 955 855 1025 δέ,
869 955 951 1020 αὐτός

151 1069 183 1103 τε
206 1045 311 1122 Ξέρξης
338 1045 383 1102 καὶ
407 1047 434 1103 οἱ
457 1043 636 1123 αἰχμοφόροι,
661 1043 708 1102 καὶ
731 1046 758 1102 οἶ
782 1042 897 1103 ἱππόται
925 1049 952 1106 οἱ

107 1158 109 1161 ·
151 1133 249 1211 χίλιοι·
265 1134 309 1192 ἐπὶ
323 1133 353 1192 δὲ
365 1133 491 1192 τούτοισι
504 1133 519 1192 ό
533 1131 623 1196 ἄλλος
636 1131 765 1208 στρατός·
786 1132 832 1190 καὶ
846 1135 875 1190 αἱ
888 1137 951 1208 νῆες

154 1219 214 1298 ἅμα
231 1220 368 1303 ἀνήγοντο
390 1227 417 1284 ἐς
437 1221 488 1297 τήν
509 1221 682 1281 ἀπεναντίον.
724 1217 777 1296 ἤδη
791 1219 825 1296 δή
839 1217 951 1296 ἤκουσα

152 1309 198 1367 καὶ
217 1308 339 1369 ὕστατον
359 1310 491 1384 διαβῆναι
510 1311 638 1385 βασιλέα
658 1307 777 1368 πάντων.

103 1399 142 1456 56
192 1397 297 1474 Ξέρξης
310 1398 340 1456 δὲ
353 1399 415 1456 ἐπεί
431 1423 462 1456 τε
476 1397 558 1474 διέβη
573 1403 600 1460 ἐς
617 1396 669 1472 τὴν
682 1395 827 1474 Εὐράτην,
842 1398 950 1474 ἐθηεῖτο

151 1483 200 1544 τδν
221 1483 343 1562 στρατόν
365 1484 434 1560 ὐπύ,
439 1486 585 1567 μαστίγων
606 1485 796 1562 διαβαίνοντα
817 1485 899 1562 διέβη
920 1487 950 1546 δὲ

151 1571 168 1632 ό
185 1573 306 1650 στρατός
323 1572 407 1632 αὐτοῦ
427 1579 456 1634 ἐν
474 1575 543 1634 ἑπτά
561 1573 683 1652 ἡμέρῃσι
702 1574 747 1632 καὶ
768 1577 797 1633 ἐν
818 1573 887 1632 ἐπτοὶ
907 1573 949 1634 εὐ-

151 1660 283 1739 φρόνῃσι,
298 1661 427 1726 ἐλινύσας
441 1661 538 1722 οὐδένα
550 1662 661 1742 χρόνον.
697 1662 814 1721 ἐνθαῦτα
827 1662 948 1742 λέγεται,

150 1749 258 1826 Ξέρξεω
278 1749 330 1826 ἤδη
344 1749 550 1826 διαβεβηκότος
562 1750 611 1810 τόν
624 1750 847 1826 Ἑλλήσποντον,
862 1749 949 1827 ἄνδρα

150 1841 236 1896 εἰπεῖν
248 1837 483 1914 Ἑλλησπόντιον·
505 1839 553 1897 “0⁹2
567 1842 627 1907 Ζεῦ,
642 1839 672 1897 τί
690 1837 724 1914 δή
745 1837 823 1915 α’νδρὶ
844 1836 947 1914 εἰδόμε-

150 1951 196 1989 νος
214 1928 314 2004 Πέρσῃ
335 1928 380 1985 καὶ
402 1926 507 2003 οὕνομα
530 1927 590 1986 α’ντὶ
611 1927 678 1990 Διός
699 1926 803 2003 Ξέρξεα
825 1927 947 2004 θέμενος,

93 2002 119 2012 -
149 2012 306 2074 ἀνάστατον
319 2015 370 2090 τήν
383 2013 509 2073 Ἑλλάδα
528 2015 632 2076 ἐθέλεις
645 2018 764 2089 ποιῆσαι
785 2013 859 2094 ἄγων
879 2015 946 2074 πάν-

148 2127 198 2164 τας
211 2101 386 2178 άνθρώπους;
409 2103 455 2160 καὶ
468 2101 522 2182 γὰρ
536 2101 599 2161 ἄνευ
612 2101 716 2162 τούτων
729 2101 794 2177 ἐξὴν
810 2127 855 2162 τοι
872 2103 947 2162 ποιέ-

149 2215 188 2250 ειν
207 2189 321 2250 ταῦτα.”

100 2277 138 2339 57
186 2277 237 2342 Ὡς
256 2279 286 2337 δὲ
304 2279 442 2354 διέβησαν
459 2279 567 2346 πάντες,
582 2283 608 2342 ἐς
622 2277 688 2338 όδὸν
702 2278 891 2356 ὁρμημένοισι
903 2282 947 2342 τέ·

146 2391 197 2441 ρας
210 2371 266 2441 σφι
280 2366 369 2442 ἐφάνη
382 2366 462 2446 μέγα,
473 2365 506 2425 τό
517 2367 621 2443 Ξέρξης
635 2371 664 2426 ἐν
678 2367 768 2426 οὐδενὶ
781 2367 858 2448 λόγῳ
872 2373 946 2428 ἐποι-

147 2452 239 2528 ήσατο
258 2455 306 2512 καί
324 2480 376 2532 περ
398 2453 597 2531 εὐσύμβλητον
618 2455 673 2515 ἐόν·
695 2455 779 2518 ἵππος
791 2455 851 2536 ’γάρ
872 2457 946 2514 ἔτεκε

147 2541 245 2622 λαγόν.
288 2541 500 2622 (εὐσύμβλητον
523 2541 644 2623 ὧνπῇδε
661 2547 745 2604 τοῦτο
766 2544 883 2624 ἐγένετο,
902 2543 945 2602 ότι

148 2631 249 2705 ἔμελλε
269 2633 320 2708 μὲν
341 2634 408 2690 ἐλᾶν
429 2631 562 2707 στρατιήν
579 2631 624 2690 ἐπὶ
636 2630 688 2707 τήν
699 2630 826 2690 Ἑλλάδα
840 2631 945 2709 Ξέρξης

86 2722 88 2726 ’
146 2715 322 2798 α’γαυρότατα
343 2719 389 2777 καὶ
408 2719 705 2798 μεγαλοπρεπέστατα,
722 2719 813 2780 όπίσω
832 2719 862 2778 δέ
881 2721 944 2796 περὶ

147 2809 247 2865 ἑωυτοῦ
266 2808 371 2886 τρέχων
390 2806 465 2882 ἥξειν
479 2811 506 2868 ἐς
518 2807 568 2866 τόν
582 2807 665 2867 αὐτόν
681 2809 794 2888 χῶρον.)
837 2809 945 2888 ἐγένετο

146 2894 176 2953 δὲ
197 2895 243 2953 καὶ
264 2895 355 2972 ἕτερον
376 2895 448 2973 αὐτῷ
459 2896 540 2972 τέρας
554 2895 626 2954 ἐόντι
639 2900 668 2954 ἐν
682 2895 810 2974 Σάρδισι·
831 2895 945 2972 ἡμίονος

145 2982 200 3063 γάρ
215 2984 289 3042 ἔτεκε
301 2983 417 3060 ἡμίονον
431 2983 492 3052 διξά
507 2985 628 3061 ἔχουσαν
641 2984 740 3054 αἰδοῖα,
754 2984 791 3044 τά
803 2987 855 3061 μὲν
869 2986 944 3061 ἔρσε-

147 3096 200 3141 νος,
213 3070 249 3130 τά
263 3071 292 3130 δὲ
306 3072 416 3146 θηλέης·
439 3070 591 3147 κατύπερθε
605 3071 635 3128 δὲ
648 3071 683 3147 ἦν
701 3072 737 3131 τά
752 3078 803 3132 τοῦ
823 3074 943 3150 ἔρσενος.

98 3159 137 3216 58
148 3162 209 3218 Τῶν
222 3158 387 3235 άμφοτέρων
401 3157 488 3239 λόγον
502 3157 599 3218 οὐδένα
612 3159 810 3236 ποιησάμενος,
824 3160 856 3221 τό
878 3158 945 3237 πρό·

146 3272 188 3305 σω
209 3244 363 3322 ἐπορεύετο·
385 3245 438 3305 σύν
469 3245 521 3304 έοὶ
534 3245 550 3305 ό
563 3246 645 3318 πεζός
659 3247 789 3326 στρατός·
810 3248 826 3309 ό
840 3248 870 3308 δέ
882 3274 945 3308 ναυ-

145 3333 220 3396 τικός
234 3334 284 3402 ἔξω
296 3333 346 3393 τόν
365 3332 580 3408 Ἑλλήσποντον
600 3335 701 3407 πλέων,
715 3336 792 3411 παρὰ
811 3340 865 3413 γῆν
886 3340 945 3396 ἐκο-
