2282 3550
151 136 294 201 ιιι-ιιι]
466 123 650 186 nomm
909 141 953 193 ιιι

148 217 273 294 ποιήσας
295 217 456 294 δισμυρίους
476 216 585 294 ἄνδρας.
629 219 674 276 καὶ
696 219 730 295 δή
751 219 833 280 τότε
852 225 881 280 ἐκ
900 225 955 282 τιῦν

148 311 216 366 νειῖν
243 307 290 365 καὶ
316 310 367 365 τοῦ
390 308 473 378 πεζοῦ
496 307 607 382 πλῆθος
630 309 827 385 συντιθέμενον
849 311 955 390 γίνεται

149 393 294 470 διηκόσιαί
312 419 343 452 τε
363 393 493 471 μυριάδες
515 395 561 453 καὶ
582 393 729 472 τριήκοντα
754 397 799 455 καὶ
822 399 881 474 μία,
908 399 954 458 καὶ

148 483 227 559 πρός,
247 482 373 560 χιλιάδες
394 482 463 542 ἑπτά
481 483 527 541 καῖ
550 483 726 546 ἑκατοντάδες
749 484 779 554 ἐξ
800 486 845 543 καὶ
864 485 953 550 δεκάς.

149 575 232 630 τοῦτο
254 573 305 647 μὲν
326 569 359 630 τό
384 571 415 640 ἐξ
438 569 522 646 αὐτῆς
541 575 592 646 τῆς
610 570 709 647 Ἀσίης
731 573 891 650 στράτευμα
912 576 953 645 ἐξ·

149 659 272 738 αναχθέν
286 659 398 736 εἴρηται,
413 657 476 718 ἄνευ
489 685 520 718 τε
533 663 584 735 τῆς
597 659 747 735 θεραπηίης
760 664 809 735 τῆς
820 663 954 739 ἑπομένης

149 747 195 804 καὶ
213 751 269 806 τῶν
288 751 451 828 σιταγωγῶν
467 747 582 817 πλοίων,
597 747 642 805 καὶ
662 746 725 806 ὅσοι
745 749 875 808 ἐνέπλεον
892 751 953 810 τού-

149 861 234 894 τοισι.
276 835 309 894 τό
328 836 357 895 δὲ
376 835 410 911 δή
429 840 458 894 ἐκ
475 841 524 910 τῆς
542 835 678 913 Εὐρώπης
695 835 831 917 ἀγόμενον
848 838 932 915 στρά-
944 842 999 899 185

148 949 236 1000 τευμα
253 925 291 983 ἔτι
312 925 526 1005 προσλογιστέα
544 923 632 1003 τούτῳ
648 925 732 984 παντῖ
749 928 787 1003 τῷ
806 925 952 1002 ἐξηριθμη-

148 1012 230 1090 μένῳ·
256 1011 372 1088 δόκησιν
393 1011 423 1070 δὲ
445 1013 487 1070 δεῖ
507 1013 609 1094 λέγειν·
634 1013 696 1075 νέας
717 1013 768 1088 μέν
787 1039 835 1072 νυν
853 1016 879 1072 οἶ
897 1013 953 1075 α’πὸ

150 1101 271 1176 Θρηίκης
299 1100 447 1176 Ἓλληνες,
476 1102 521 1159 καῖ
551 1106 581 1160 ἐκ
608 1105 662 1160 τῶν
692 1101 785 1176 νήσων
815 1105 869 1161 τῶν
896 1107 952 1162 ἐπι-

150 1190 280 1264 κειμένων
301 1192 337 1266 τῇ
355 1189 470 1268 Θρηίκη,
487 1189 655 1268 παρείχοντο
673 1190 762 1248 ε’ίκοσι
782 1189 827 1248 καὶ
846 1191 952 1252 ἑκατόν·

151 1279 179 1334 ἐκ
193 1277 246 1352 μέν
262 1303 309 1336 νυν
327 1277 444 1336 τουτέων
461 1281 515 1336 τῶν
533 1282 600 1336 νεῶν
618 1276 714 1353 άνδρες
731 1279 952 1358 τετρακισχίλιοι

150 1365 195 1422 καὶ
208 1364 350 1440 δισμύριοι
363 1366 496 1444 γίνονται.
522 1367 606 1435 πεζοῦ
619 1365 656 1434 δὲ,
667 1365 717 1424 τόν
730 1366 846 1442 Θρήϊκες
858 1369 951 1444 παρεί-

148 1477 241 1529 χοντο,
254 1453 300 1510 καὶ
315 1453 442 1521 Παίονες,
455 1453 500 1511 καὶ
513 1452 632 1528 Ἐορδοὶ,
645 1454 690 1512 καὶ
702 1457 851 1524 Βοττιαῖοι,
863 1456 908 1514 καὶ
918 1457 950 1517 τά

148 1540 320 1600 Χαλκιδικδν
333 1541 420 1621 γένος,
435 1542 480 1598 καὶ
494 1542 607 1622 Βρύγοι,
620 1542 665 1600 καὶ
679 1543 786 1617 Πίερες,
796 1543 842 1601 καὶ
856 1549 950 1603 Μακε-

148 1626 231 1697 δόνες,
246 1630 292 1686 καὶ
307 1631 474 1706 Περραιβοὶ,
490 1631 535 1688 καὶ
548 1629 678 1705 Ἐνιῆνες,
694 1631 739 1688 καὶ
753 1631 889 1700 Δόλοπες,
905 1634 950 1691 καὶ

148 1715 304 1797 Μάγνητες,
312 1718 357 1774 καὶ
366 1715 485 1795 Ἀχαιοὶ,
496 1718 540 1775 καὶ
549 1716 614 1776 ὅσοι
620 1723 670 1793 τῆς
675 1719 795 1796 Θρηίκης
803 1718 854 1794 τήν
862 1745 950 1797 παρα-

147 1805 211 1880 λίην
229 1805 368 1882 νέμονται,
381 1805 484 1864 τούτων
502 1811 557 1864 τῶν
576 1807 673 1866 ἐθνέων
689 1805 837 1883 τριήκοντα
855 1807 951 1883 μυριά-

148 1892 196 1955 δας
218 1895 303 1952 δοκέω
324 1894 464 1974 γενέσθαι·
486 1891 567 1953 αὗται
590 1893 626 1953 ὧν
647 1897 676 1953 αἱ
697 1894 825 1971 μυριάδες
844 1895 950 1974 κείνῃσι

147 1983 349 2057 προστεθεῖσαι
364 1985 432 2060 τῇσι
449 1987 478 2041 ἐκ
494 1975 545 2057 τῆς
562 1981 662 2058 Ἀσίης
677 1985 800 2065 γίνονται
817 1987 846 2042 αἱ
859 1979 950 2044 πᾶσαι

147 2069 253 2146 α’νδριῦν
269 2073 298 2128 αἱ
313 2069 433 2148 μάχιμοι
450 2070 580 2148 μυριάδες
599 2070 739 2146 διηκόσιαι
758 2071 829 2129 καὶέ
858 2071 950 2132 ’κοντα

147 2159 192 2216 καῖ
207 2157 348 2234 τέσσερες,
370 2159 461 2217 ἔπεισι
480 2159 510 2216 δὲ
526 2158 646 2237 ταύτῃσι
664 2159 841 2223 ἑκατοντάδες
861 2163 949 2221 ἑκκαί-

146 2247 211 2305 δεκα
235 2247 282 2304 καὶ
310 2245 398 2309 δεκάς.
440 2250 496 2306 Τοῦ
524 2246 653 2324 μαχίμου
681 2248 710 2306 δὲ
723 2247 823 2307 τούτου
837 2248 996 2313 ἐόντος186

145 2333 265 2412 άριθμθν
280 2334 425 2404 τοσούτου,
440 2333 492 2411 τήν
508 2335 661 2412 θεραπηίην
673 2335 725 2412 τήν
739 2338 875 2414 ἑπομένην
887 2338 948 2398 τού·

145 2449 229 2493 τοισι,
241 2423 287 2480 καὶ
300 2422 364 2486 τοῦς
377 2427 406 2482 ἐν
418 2427 495 2482 τοῖσι
508 2428 693 2504 σιταγωγοῖσι
706 2424 836 2484 άκάτοισι
846 2425 948 2498 ἐόντας,

145 2512 190 2570 καὶ
216 2511 297 2587 μάλα
325 2515 353 2570 ἐν
378 2515 455 2570 τοῖσι
481 2510 599 2571 ἄλλοισι
626 2514 753 2572 πλοίοισι
779 2517 856 2572 τοῖσι
890 2513 947 2590 ἅμα

144 2600 266 2658 πλέουσι
282 2603 317 2677 τῇ
341 2604 469 2679 στρατιῇ,
487 2599 601 2663 τούτους
619 2605 674 2660 τῶν
691 2601 821 2679 μαχίμων
842 2601 947 2677 ἀνδρῶν

145 2687 177 2746 ού
198 2689 284 2747 δοκέω
307 2688 376 2747 εἶναι
398 2688 564 2762 ἐλάσσονας,
588 2688 664 2748 άλλά
685 2694 815 2751 πλεῦνας·
846 2690 892 2746 καὶ
914 2689 948 2765 δή

144 2783 237 2851 σφεας
257 2777 340 2835 ποιέω
353 2777 433 2839 ἴσους
447 2778 573 2836 ἐκείνοισι
589 2778 666 2848 εἶναι,
681 2779 726 2836 καὶ
741 2776 803 2836 οὔτε
817 2781 946 2848 πλεῦνας,
1011 2816 1013 2820 ·

144 2864 207 2923 οῦτε
235 2863 395 2928 ἐλάσσονας
422 2863 510 2924 οὐδέν·
548 2866 719 2934 ἐξισούμενοι
746 2866 780 2924 δὲ.
806 2863 883 2924 οὗτοι
909 2870 947 2945 τῷ

142 2953 266 3031 μαχίμῳ,
291 2956 464 3030 ἐκπληροῦσι
490 2953 541 3016 τάς
564 2953 628 3016 ἴσας
654 2954 788 3030 μυριάδας
816 2954 945 3032 ἐκείνῃσι·

144 3041 215 3100 οὕτω
229 3042 415 3116 πεντηκοσίας
429 3067 460 3099 τε
478 3041 612 3117 μυριάδας
629 3043 674 3100 καὶ
693 3042 781 3100 εἴκοσι
800 3043 845 3100 καὶ
864 3040 944 3112 όκτιῦ,

144 3129 190 3188 καὶ
203 3128 333 3206 χιλιάδας
346 3133 427 3205 τρεῖς,
443 3131 489 3186 καὶ
503 3128 683 3189 ἑκατοντάδας
696 3127 752 3196 δύο,
768 3130 813 3185 καὶ
832 3129 946 3190 δεκάδας

143 3217 193 3276 δύο
207 3215 312 3290 ἀνδρῶν
324 3216 413 3297 ἤγαγε
427 3216 533 3292 Ξέρξης
547 3215 562 3272 ὁ
577 3215 696 3288 Δαρείου
708 3213 791 3289 μέχρι
806 3213 945 3288 Σηπιάδος

144 3305 190 3362 καὶ
204 3305 419 3377 Θερμοπυλέων.
462 3299 552 3362 Οὗτος
565 3301 615 3372 μὲν
633 3298 666 3371 δή
682 3302 731 3355 τοῦ
750 3299 923 3361 συνάπαντος
934 3301 990 3359 187

166 3384 274 3432 II.··-16
