2276 3554
158 138 269 204 αο-ιο]
488 141 675 190 nomm.
916 144 959 192 ιιι

156 221 243 281 Ἰνδοὶ
258 222 427 301 ἐσεσάχατο,
441 222 651 300 προμετωπίδια
670 223 700 282 δέ
722 223 813 283 ἵππων
827 220 904 303 εἶχον
917 223 963 282 ἐπὶ

155 312 226 387 τῇόι
239 313 384 389 κεφαλῇσι
397 309 452 370 σύν
463 336 494 370 τε
508 314 584 371 τοῖσι
598 309 651 370 ῶσὶ
665 310 848 388 ἐκδεδαρμένα
861 311 908 370 καὶ
927 315 963 391 τῇ

156 401 260 478 λοφιῇ·
281 399 327 457 καὶ
340 397 401 458 ἀντὶ
413 401 465 475 μέν
479 397 574 475 λόφου
587 399 606 474 ή
620 398 710 475 λοφιῇ
725 401 857 478 κατέχρα·
878 399 914 460 τά
934 400 964 460 δέ

157 485 215 546 ῶτα
232 489 287 547 τῶν
309 487 399 546 ἶππων
418 486 489 564 όρθά
501 483 648 567 πεπηγότα
663 487 748 566 εἶχον·
770 487 964 564 προβλήματα

156 575 187 635 δέ
206 574 265 635 ἀντ’
279 574 405 635 ἀσπίδων
427 580 570 636 ἐποιεῦντο
583 575 706 656 γεράνων
720 575 813 653 δοράς.
855 578 960 653 Λίβυες
971 581 1007 638 ῖῙ

155 663 187 723 δέ
207 662 313 738 σκευήν
332 666 385 740 μὲν
406 663 540 739 σκυτίνην
561 661 648 738 ήύσαν
669 664 787 742 ἔχοντες,
806 662 961 725 ἀκοντίοισι

155 752 187 812 δέ
211 751 387 811 ἐπικαύτοισι
410 750 573 830 χρεώμενοι·
598 748 722 830 ἄρχοντα
742 751 772 810 δέ
795 753 962 831 παρείχοντο

156 839 324 920 Μασσάγην
344 839 394 899 τόν
415 838 556 916 Ὀαρίζου.
598 837 790 920 Παφλαγόνες
810 840 840 899 δέ
862 843 1008 917 ‘’erpa-72

155 927 271 986 τεύοντο
291 928 337 986 ἐπὶ
356 929 409 1002 μὲν
429 931 497 1004 τῇσι
518 929 665 1005 κεφαλῇσι
680 927 789 1006 ἔχοντες
802 926 903 1005 κράνεα
915 954 962 988 πε-

155 1015 310 1096 πλεγμένα,
324 1013 447 1078 ἀσπίδας
466 1015 495 1074 δέ
514 1015 643 1091 σμικράς,
658 1013 761 1093 αἰχμάς
774 1015 804 1076 δέ
824 1013 857 1074 ού
876 1015 961 1097 μεγά-

155 1105 218 1166 λας·
240 1102 312 1180 πρός
330 1103 367 1172 δέ,
382 1101 496 1162 ἀκόντια
519 1103 564 1161 καὶ
586 1103 745 1182 ἐγχειρίδια·
767 1103 831 1180 περὶ
849 1103 879 1164 δέ
898 1105 962 1168 τούς

154 1189 252 1260 πόδας,
273 1190 377 1249 πέδιλα
402 1189 537 1269 ἐπιχώρια
562 1195 589 1253 ἐς
611 1191 703 1266 μέσην
727 1190 834 1268 κνήμην
856 1191 962 1252 ἀνατεί-

155 1303 250 1338 νοντα.
290 1279 394 1359 Λίγυες
408 1278 438 1338 δέ
452 1279 499 1337 καὶ
512 1277 712 1354 Ματιηνοίκαὶ
725 1279 918 1356 Μαριανδυνοί
927 1307 958 1340 τε

155 1367 203 1424 καὶ
216 1366 303 1443 Σύροι
321 1365 373 1442 τήν
394 1364 481 1442 αύτήν
497 1367 607 1445 ἔχοντες
621 1365 800 1447 Παφλαγόσι
815 1368 959 1446 ἐστρατεύ-

155 1477 231 1513 οντο·
253 1457 280 1513 οἱ
300 1453 330 1514 δέ
344 1453 429 1531 Σύροι
449 1451 528 1515 οῦτοι
547 1453 603 1514 ύπδ
622 1455 756 1532 Περσέων
770 1456 959 1517 Καππαδόκαι

156 1543 315 1601 καλέονται·
337 1541 538 1623 Παφλαγόνων
550 1542 603 1619 μέν
616 1569 663 1602 νυν
677 1543 723 1602 καὶ
737 1549 888 1622 Ματιηνῶν
899 1549 959 1606 Δῶ-

154 1629 235 1692 ταςό
257 1629 440 1710 Μεγασίδρου
461 1628 541 1709 ἦρχε·
563 1631 763 1708 Μαριανδυνῶν
788 1632 817 1692 δέ
841 1634 886 1692 καὶ
910 1641 958 1692 Λι-

154 1716 230 1794 γύων
248 1719 295 1777 καὶ
311 1717 407 1794 Σύρων
424 1717 559 1794 Γωβρύης
580 1717 596 1778 ό
611 1719 731 1795 Δαρείου
750 1745 780 1780 τε
801 1721 847 1779 καὶ
863 1717 966 1798 ’Λρτα-4

156 1805 275 1880 στῶνης.
316 1805 422 1886 Φρύγες
443 1805 473 1864 δέ
495 1803 642 1886 ἀγχοτάτω
663 1811 713 1882 τῆς
735 1812 957 1888 Παφλαγονικῆς
968 1811 1006 1870 73

155 1893 261 1968 σκευήν
274 1893 358 1972 εἶχον,
368 1893 466 1974 ὀλίγον
480 1893 743 1972 παραλλάσσοντες·
759 1898 786 1954 οἱ
799 1896 828 1954 δὲ
842 1894 957 1976 Φρύγες,

155 1979 193 2042 ῶς
217 1980 377 2044 Μακεδόνες
402 1981 528 2062 λέγουσι,
556 1983 704 2042 ἐκαλέοντο
731 1984 831 2064 Βρίγες
857 1983 959 2061 χρόνον

155 2067 227 2128 ὅσον
250 2068 410 2146 Εύρωπήῖοι
437 2067 527 2132 ἐόντες
553 2070 677 2130 σύνοικοι
703 2070 778 2146 ἦσαν
801 2071 957 2132 Μακεδόσι·

154 2157 331 2233 μεταβάντες
349 2157 379 2216 δέ
399 2162 426 2221 ἐς
445 2157 498 2233 τήν
517 2156 626 2234 Ἀσίην,
640 2156 700 2234 ἅμα
712 2163 748 2236 τῇ
760 2158 838 2238 χάρη
859 2160 904 2218 καὶ
924 2160 957 2221 τό

155 2243 263 2320 οὕνομα
279 2245 441 2320 μετέβαλον
459 2251 486 2308 ἐς
504 2245 621 2326 Φρύγας.
664 2244 805 2323 Ἀρμένιοι
825 2249 854 2307 δέ
875 2249 955 2310 κατά-

154 2356 210 2408 περ
220 2332 326 2412 Φρύγες
337 2332 505 2412 ἐσεσάχατο,
520 2332 610 2398 ἐόντες
617 2338 733 2414 Φρυγῶν
746 2335 865 2397 ἄποικοι.
893 2338 957 2398 τούὲ

154 2443 211 2478 των
231 2421 451 2497 συναμφοτέρων
471 2419 541 2499 ἦρχε
562 2420 728 2500 Ἀρτόχμης,
746 2427 866 2501 Δαρείου
888 2427 957 2506 ἐχων

155 2507 305 2588 θυγατέρα.
347 2508 434 2567 Λυδοὶ
452 2508 481 2568 δέ
501 2507 648 2588 ἀγχοτάτω
661 2515 715 2570 τῶν
727 2510 900 2589 Ἑλληνικῶν
921 2514 955 2574 εἶ·
966 2516 1003 2574 74

153 2620 210 2673 χον
226 2595 312 2654 ὅπλα·
334 2595 374 2676 (οἱ
394 2597 424 2656 δὲ
436 2597 523 2656 Λυδοὶ
542 2597 663 2674 Μηίονες
684 2604 832 2660 ἐκαλεῦντο
851 2601 883 2660 τό
904 2601 955 2660 πά-

153 2685 215 2740 λαι·
237 2685 283 2742 ἐπὶ
296 2683 325 2742 δέ
339 2684 432 2743 Λυδοῦ
444 2689 493 2744 τοῦ
510 2683 612 2748 ”Λτυος
626 2687 711 2766 ἐσχον
727 2688 778 2764 τήν
792 2689 954 2764 ἐπωνυμίην,

153 2771 366 2846 μεταβαλόντες
387 2772 420 2832 τό
439 2770 564 2852 οὕνομα)
586 2776 684 2834 Μυσοὶ
705 2775 734 2834 δὲ
752 2776 798 2834 ἐπὶ
815 2778 867 2852 μέν
886 2780 955 2856 τῇσι

154 2863 303 2938 κεφαλῇσι
322 2859 398 2938 εἶχον
419 2861 519 2937 κράνεα
541 2861 682 2941 ἐπιχώρια,
698 2863 820 2926 ἀσπίδας
840 2863 870 2922 δέ
890 2889 954 2941 σμι-

155 2945 234 3024 κράς·
255 2947 410 3007 ἀκοντίοισι
423 2948 453 3007 δὲ
466 2949 600 3026 ἐχρέωντο
615 2950 796 3010 ἐπικαύτοισι·
817 2950 907 3031 (οὗτοι
925 2953 957 3013 δέ

154 3039 213 3095 εἶσι
225 3035 325 3096 Λυδῶν
344 3033 464 3096 ἀπαικοι·
484 3035 532 3096 ἀπ’
548 3036 703 3115 Οὐλύμπου
719 3039 749 3097 δὲ
767 3037 862 3117 οὔρεος
875 3043 954 3102 καλέ-

154 3149 235 3185 ονται
243 3123 460 3204 Ούλυμπιηνοί·)
473 3125 570 3184 Λυδῶν
584 3125 613 3184 δὲ
628 3127 673 3183 καὶ
687 3131 795 3185 Μυσῶν
808 3126 878 3203 ἦρχε
891 3126 954 3202 Ἀρ·

153 3212 297 3290 ταφέρνης
309 3212 324 3272 ό
338 3211 549 3288 ’Λρταφέρνεος,
563 3211 594 3274 ὃς
607 3217 634 3274 ἐς
648 3211 808 3286 Μαραθῶνα
829 3214 954 3288 ἐσέβαλε
1012 3233 1014 3237 ’

155 3296 216 3372 ἅμα
228 3297 311 3367 Δάτι,
340 3297 458 3376 Θρήϊκες
471 3297 509 3367 δὲ,
523 3297 568 3356 ἐπὶ
580 3299 633 3372 μὲν
644 3293 713 3372 τῇσι
726 3301 870 3375 κεφαλῇσι
883 3296 954 3356 άλω·
963 3298 1000 3357 75
