2276 3554
184 153 231 203 138
466 154 650 203 ·ιιι>οιοτοτ
909 155 985 220 [vn.

187 232 340 311 κατύπερθε
352 237 407 294 τῶν
420 233 516 294 ὅπλων
536 238 587 294 τοῦ
604 234 696 296 τόνου·
718 236 810 300 θέντες
828 239 858 296 δὲ
878 238 986 314 ἐπεξῆς,

188 322 306 382 ἐνθαῦτα
329 320 405 386 αὖτις
428 323 619 405 ἐπεζεύγνυον·
647 323 816 400 ποιήσαντες
839 326 868 384 δὲ
890 329 987 398 ταῦτα,

185 409 257 487 ὕλην
279 410 470 488 ἐπεφόρησαν·
493 413 590 492 κόσμῳ
610 413 641 473 δέ
658 414 750 475 θέντες
770 415 815 471 καὶ
835 413 886 489 τήν
906 411 986 490 ὕλην,

185 503 240 580 γῆν
267 499 459 577 ἐπεφόρησαν·
490 501 689 570 κατανάξαντες
716 501 745 559 δέ
773 503 818 560 καί
845 501 896 576 τήν
922 506 986 582 γῆν,

186 587 318 668 φραγμὸν
334 589 505 665 παρείρυσαν
518 589 593 648 ἐνθεν
607 589 653 646 καὶ
667 590 751 658 ἐνθεν,
767 589 810 647 ἵνα
822 589 862 664 μή
877 589 985 666 φοβέη-

185 700 231 734 ται
250 675 286 734 τά
305 675 441 756 ὑποζύγια
456 676 508 752 τήν
526 676 679 736 θάλασσαν
697 676 874 754 ὑπερορῶντα
892 677 938 736 καί
958 680 986 738 οἰ

187 764 275 822 ἵπποι.

138 853 175 912 37
225 851 273 916 Ὡς
293 853 323 912 δὲ
342 852 378 913 τά
397 879 428 912 τε
445 857 500 913 τῶν
512 854 656 933 γεφυρέων
669 851 877 913 κατεσκεύαστο
892 854 937 913 καί
950 853 987 915 τά

185 942 248 1019 περὶ
264 941 313 1002 τόν
326 941 429 1011 Ἀθων,
447 943 477 1000 οἰ
491 968 521 1002 τε
543 942 624 1021 χυτοὶ
646 942 710 1018 περὶ
730 940 765 1000 τά
785 941 914 1018 στόματα
934 947 986 1020 τῆς

186 1029 326 1109 διώρυχος,
341 1029 381 1110 (οἰ
393 1033 443 1106 τῆς
456 1031 554 1109 ῥηχίης
567 1029 668 1090 εἵνεκεν
687 1029 860 1106 ἐποιήθησαν
882 1031 926 1090 ἵνα
943 1031 985 1110 μή

185 1118 345 1195 πίμπληται
357 1117 393 1177 τά
406 1117 535 1195 στόματα
547 1123 597 1178 τοῦ
618 1117 796 1200 ὀρύγματος)
810 1119 856 1178 καὶ
872 1118 943 1196 αὕτη
965 1120 985 1198 ἤ

185 1205 284 1284 διώρυξ
296 1207 451 1270 παντελέως
464 1208 636 1283 πεποιημένη
650 1205 782 1287 άγγελτο·
797 1207 914 1267 ἐνθαῦτα
927 1235 984 1288 χει-

183 1295 310 1371 μερίσας,
329 1294 388 1372 ἅμα
407 1299 446 1374 τῷ
465 1296 524 1372 ἔαρι
544 1295 807 1372 παρεσκευασμένος
828 1293 845 1354 ό
864 1297 986 1372 στρατός

185 1386 215 1440 ἐκ
232 1386 288 1442 τῶν
309 1383 432 1459 Σαρδίων
451 1383 563 1461 ὁρμᾶτο
583 1387 654 1442 ε’λῶν
674 1389 701 1446 ἐς
715 1381 852 1458 Ἀβυδον.
894 1383 985 1462 ὥρμη-

185 1471 257 1550 μένιρ
279 1471 310 1530 δέ
331 1473 358 1530 οἱ
379 1470 395 1530 ό
416 1469 497 1546 ήλιος
521 1472 641 1531 ἐκλιποίν
665 1471 716 1547 τήν
741 1476 770 1530 ἐκ
793 1475 843 1530 τοῦ
867 1470 984 1550 οὐρανοῦ

184 1558 265 1634 ἐδρην
285 1557 396 1635 ἀφανής
416 1558 459 1635 ἦν,
478 1559 534 1619 οὔτ’
556 1561 728 1636 ἐπινεφέλων
750 1559 856 1631 ἐόντων,
878 1561 986 1637 αἰθρίης

183 1671 214 1705 τε
232 1646 268 1705 τά
285 1646 422 1723 μάλιστα·
443 1645 505 1708 άντί
525 1647 630 1725 ήμέρης
643 1673 673 1707 τε
690 1647 740 1717 vo}
760 1647 877 1728 ἐγένετο·
900 1647 985 1712 ἰδόντι

184 1733 213 1793 δέ
235 1735 281 1794 καί
301 1735 419 1811 μαθόντι
439 1739 524 1796 τοῦτο
544 1740 583 1814 τῷ
602 1735 693 1814 Ξέρξη
715 1738 844 1812 ἐπιμελὲς
866 1735 983 1816 ἐγένετο·

185 1823 231 1881 καὶ
258 1825 345 1901 εἴρετο
371 1823 434 1887 τοιίς
460 1824 567 1905 μάγους
592 1823 625 1884 τό
654 1825 733 1883 θέλοι
759 1825 925 1900 προφαίνειν
950 1819 985 1886 τό

186 1911 306 1989 φάσμα;
328 1914 355 1971 οἰ
376 1911 406 1970 δέ
427 1914 547 1990 ἔφραζον
568 1912 603 1974 εἰς
621 1912 750 1988 Ἕλλησι
774 1911 945 1988 προδεικνύει
968 1914 985 1975 ό

185 2000 247 2063 θεός
274 2001 397 2078 ἔκλειψιν
423 2005 477 2060 τῶν
504 2002 622 2060 πολίων·
651 2002 780 2082 λέγοντες
806 1999 888 2076 ἥλιον
915 2001 984 2062 εἰναι

184 2086 329 2164 Ἑλλήνων
348 2087 528 2165 προδέκτορα,
543 2088 666 2164 σελήνην
687 2089 716 2147 δέ
737 2089 842 2164 σφέων·
864 2089 984 2167 πυθόμε-

184 2201 230 2238 νος
250 2176 280 2234 δὲ
299 2179 387 2235 ταῦτα
408 2175 424 2235 ό
438 2177 543 2254 Ξέρξης
555 2177 708 2255 περιχαρής
722 2175 772 2237 ἐάν
789 2178 912 2236 ἐποιέετο
933 2178 985 2254 τήν

138 2264 176 2322 38
187 2264 295 2323 ἔλασιν.
335 2263 384 2326 Ὡς
405 2262 428 2321 δ’
448 2263 580 2340 ἐξήλαυνε
601 2264 653 2340 τήν
674 2265 816 2342 στρατιήν,
840 2265 947 2329 Πύθιος
968 2271 985 2326 εἰ

184 2350 274 2414 Λυδός
300 2351 514 2428 καταρρωδήσας
540 2352 573 2412 τό
601 2357 631 2412 ἐκ
658 2356 708 2413 τοῦ
735 2350 852 2430 οὐρανοῦ
880 2353 985 2432 φάσμα

184 2440 313 2516 ἐπαρθείς
334 2466 365 2499 τε
387 2443 464 2499 τοῖσι
488 2440 641 2518 δωρήμασι,
666 2441 755 2501 ἐλθυίν
778 2443 853 2518 παρά
879 2443 985 2520 Ξέρξεα

184 2529 263 2609 ἔλεγε
275 2528 350 2588 τάδε·
372 2527 419 2586 “ιιί
433 2529 565 2599 δέσποτα,
579 2528 691 2609 χρήσας
709 2528 743 2589 όν
762 2555 790 2589 τι
805 2533 852 2590 τεῦ
868 2532 984 2605 βουλοί-

184 2643 240 2694 μην
253 2621 354 2696 τυχεῖν,
367 2617 400 2677 τιί
414 2619 463 2677 σοὶ
476 2620 528 2695 μέν
541 2617 669 2696 ἐλαφρόν
681 2617 812 2698 τυγχάνει
826 2617 871 2678 ε’δν
884 2618 985 2698 θπουρ·

183 2708 280 2786 γῆσαι,
308 2707 370 2782 ἐμοὶ
397 2707 427 2766 δέ
451 2708 525 2788 μέγα
547 2704 722 2786 γενόμενον·”
750 2707 854 2783 ..ιέρξης
877 2707 907 2765 δέ
929 2712 985 2772 πᾶν

183 2797 296 2870 μᾶλλον
318 2794 418 2854 δοκέων
439 2821 487 2871 μιν
508 2795 637 2873 χρηίσειν
657 2793 675 2870 ἢ
696 2795 729 2854 τό
753 2793 859 2870 ἐδεήθη,
878 2796 933 2872 ἔφη
954 2822 986 2863 τε

183 2880 371 2962 ὑπουργήσειν
393 2884 437 2940 καὶ
456 2881 624 2963 διαγορεύειν
642 2883 756 2941 ἐκέλευε
771 2881 834 2942 ὅτευ
849 2884 947 2942 δέοιτο·
970 2883 985 2944 ό

184 2968 214 3027 δὲ
228 2970 290 3028 ἐπεί
300 2995 330 3028 τε
343 2974 432 3029 ταῦτα
447 2969 560 3044 ἤκουσε,
575 2971 654 3050 ἔλεγε
673 2971 821 3046 θαρσήσας
840 2971 916 3030 τάδε·
938 2972 986 3031 “ὦ

184 3056 316 3126 δέσποτα,
338 3057 512 3138 τυγχάνουσί
529 3083 579 3134 μοι
600 3057 696 3121 παῖδες
717 3058 805 3121 ἐόντες
826 3061 918 3129 πέντε,
941 3061 988 3120 καί

185 3152 276 3219 σφεας
290 3144 502 3222 καταλαμβάνει
522 3144 628 3209 πάντας
641 3144 700 3223 ἅμα
714 3148 761 3206 σοὶ
783 3148 987 3223 στρατεύεσθαι

185 3232 231 3290 ἐπὶ
251 3231 303 3306 τήν
320 3230 456 3291 Ἑλλάδα·
481 3232 520 3292 σθ
541 3232 579 3302 δέ,
601 3232 623 3292 ὦ
644 3235 779 3311 βασιλεῦ,
803 3239 852 3312 ἐμὲ
873 3241 901 3300 ἐς
922 3237 987 3299 τόδε

184 3317 293 3394 ἡλικίης
306 3317 408 3393 ἥκοντα
430 3321 571 3396 οἰκτείρας,
586 3324 641 3380 τῶν
653 3348 702 3398 μοι
716 3324 821 3383 παίδων
835 3325 882 3386 ἕνα
898 3324 987 3404 παρά-
