2250 3552
192 131 238 178 τοι
494 131 677 180 Ἥνοιουοι
929 132 992 198 [ιτα

191 212 218 269 οἶ
236 208 267 268 δέ
286 210 396 287 Πέρσαι
412 210 568 288 ,πυθόμενοί
584 216 676 285 σφεας
691 209 871 286 προσπλέειν,
888 211 995 292 ἀνῆγον

190 297 236 357 καὶ
250 297 329 358 αύτοὶ
342 299 412 375 πρός
424 298 476 374 τήν
489 297 603 376 ἤπειρον
620 297 670 361 τάς
687 299 749 361 νέας
765 296 816 361 πάς
828 298 929 370 άλλας,
942 301 994 363 τάς

190 385 220 444 δέ
232 386 365 445 Φοινίκων
381 385 491 462 άπήκαν
507 387 669 446 ἀποπλέειν·
690 386 925 462 βουλευομένοισι
937 388 994 468 γάρ

189 479 245 549 σφι
273 473 364 533 ἐδόκεε
388 475 543 554 ναυμαχίην
565 474 606 551 μή
629 474 785 534 ποιέεσθαι·
820 472 853 533 ού
876 473 931 554 γάρ
956 475 995 536 ὧν

188 561 298 622 ἐδόκεον
319 562 413 639 ὁμοῖοι
435 562 513 622 εἶναι·
541 567 568 626 ἐς
585 563 615 622 δέ
634 561 686 638 τήν
705 561 821 640 ἤπειρον
839 561 993 634 ἀπέπλεον,

187 648 257 714 ὅκως
267 653 333 710 ἐωσι
340 650 396 710 ύπό
403 650 454 710 τάν
464 650 548 722 πεζόν
561 650 683 728 στρατόν
696 649 746 710 τάν
756 650 896 728 σφέτερον
911 651 994 712 ἐόντα

189 743 218 799 ἐν
230 742 266 818 τῇ
280 739 412 818 Μυκάλῃ·
431 737 469 807 ὃς,
484 738 667 802 κελεύσαντος
679 738 794 815 Ξέρξεω,
809 742 993 817 καταλελειμ-

186 827 269 903 μένος
290 830 341 886 τοΰ
364 825 456 886 άλλου
473 830 603 903 στρατοῦ,
627 825 732 901 Ἰωνίην
753 825 914 900 ἐφύλασσε·
941 832 993 886 τοῦ

186 915 297 992 πλῆθος
316 917 368 992 μέν
387 913 422 990 ἦν
443 914 474 984 ἐξ
492 914 631 992 μυριάδες·
667 913 836 994 ἐστρατήγεε
858 914 888 973 δέ
905 913 992 975 αὐτοῦ

186 1001 331 1084 Τιγράνης,
354 1002 456 1062 κάλλεΐ
475 1027 506 1062 τε
528 1003 574 1061 καὶ
596 1001 713 1083 μεγάθεΐ
730 1001 892 1078 ὑπερφέρων
918 1008 992 1081 Περ-

186 1092 268 1151 σέων.
308 1089 364 1150 ύπά
388 1094 487 1150 τοῦτον
508 1092 560 1167 μέν
582 1091 616 1166 δή
637 1091 687 1150 τόν
708 1089 832 1167 στρατόν
857 1091 991 1166 ἐβουλεύ-

186 1204 274 1240 σαντο
306 1177 513 1260 καταφυγόντες
544 1181 571 1238 οἱ
597 1181 648 1238 τοῦ
677 1180 804 1238 ναυτικοῦ
834 1181 991 1260 στρατηγοὶ

186 1265 330 1343 ἀνειρύσαι
347 1265 398 1330 τάς
416 1266 485 1336 νέας,
503 1265 550 1324 καὶ
569 1266 779 1343 περιβαλέσθαι
797 1265 884 1342 ἕρκος,
902 1267 991 1344 ζουμα

138 1355 175 1415 97
185 1359 240 1414 τῶν
262 1359 330 1416 νεῶν
351 1355 397 1413 καὶ
418 1355 514 1431 σφέων
537 1353 627 1414 αύτῶν
650 1352 852 1435 κρησφύγετον.
895 1358 990 1415 Ταῦτα

184 1443 411 1520 βουλευσάμενοι
432 1442 578 1525 ἀνήγοντο·
610 1442 776 1520 ἀπικόμενοι
801 1442 830 1501 δὲ
857 1441 933 1519 παρά
953 1444 988 1505 τό
1037 1505 1039 1508 ,

183 1534 238 1589 τῶν
253 1531 393 1590 Ποτνιέων
410 1531 469 1608 ἱράν
486 1535 536 1608 τῆς
554 1530 692 1607 Μυκάλης
708 1536 737 1594 ἐς
754 1530 885 1590 Γαίσωνά
897 1556 929 1590 τε
942 1532 989 1591 καὶ

184 1618 390 1689 Σκολοπόεντα,
409 1623 445 1698 τῇ
465 1619 615 1697 Δήμητρος
630 1619 806 1696 Ἐλευσινίης
824 1619 902 1679 ἐστὶν
919 1620 987 1696 ἱρόν,

183 1708 216 1768 τό
248 1707 385 1771 Φίλιστος
411 1707 427 1768 ἀ
457 1709 620 1771 Πασικλέος
649 1707 782 1784 ἱδρύσατο
815 1708 924 1786 Νείλεῳ
949 1713 989 1788 τῷ

185 1796 296 1874 Κόδρου
314 1796 504 1884 ἐπισπόμενος
516 1795 563 1855 ἐπὶ
579 1797 711 1872 Μιλήτου
729 1794 853 1866 κτιστύν,
870 1797 989 1856 ἐνθαῦτα

182 1884 232 1948 τάς
252 1911 284 1944 τε
307 1886 369 1948 νέας
390 1884 538 1961 ἀνείρυσαν
561 1885 607 1942 καὶ
622 1884 828 1962 περιεβάλοντο
846 1885 923 1960 ἐρκος
941 1887 989 1945 καὶ

183 1973 269 2034 λίθων
296 1973 341 2031 καὶ
365 1971 462 2043 ξύλων,
488 1972 599 2050 δένδρεα
626 1971 791 2050 ἐκκόψαντες
817 1971 915 2048 ἥμερα,
941 1976 988 2035 καὶ

182 2060 329 2125 σκόλοπας
341 2061 405 2138 περὶ
418 2061 451 2120 τό
468 2061 546 2138 ἕρκος
562 2060 728 2136 κατέπηξαν·
750 2061 796 2118 καὶ
815 2061 988 2138 παρεσκευά-

183 2149 250 2208 δατο
274 2148 310 2213 οἷς
332 2147 587 2226 πολιορκησόμενοι
614 2150 661 2208 καὶ
688 2147 723 2212 οἷς
750 2147 919 2224 νικήσοντες,
943 2146 987 2209 ἐπ’

182 2236 339 2314 ἀμφότερα·
361 2237 555 2318 ἐπιλεγόμενοι
567 2237 623 2318 γάρ
637 2237 887 2314 παρεσκευάζοντο.

135 2329 173 2386 98
224 2328 260 2383 Οἱ
274 2325 303 2384 δέ
316 2324 455 2401 ’Έλληνες
471 2325 506 2389 οἷς
522 2326 658 2386 ἐπύθοντο
674 2324 825 2404 οἰχωκότας
837 2325 901 2390 τούς
913 2327 986 2405 βαρ-

181 2411 288 2490 βάρους
308 2417 336 2476 ἐς
354 2412 407 2488 τήν
426 2411 549 2489 ἤπειρον,
568 2413 691 2493 ἤχθοντο
709 2412 745 2476 οἷς
764 2413 985 2494 ἐκπεφευγότων·

182 2506 212 2560 ἐν
231 2499 334 2580 ἀπορίῃ
354 2526 385 2561 τε
406 2500 514 2580 εἴχοντο
535 2501 551 2561 ὅ
571 2526 599 2561 τι
619 2502 743 2570 ποιέωσι,
759 2501 813 2560 εἴτε
834 2500 986 2562 ἀπαλλάσ-

180 2615 285 2650 σωνται
306 2589 397 2649 ὀπίσω
418 2589 472 2648 εἴτε
493 2590 673 2649 καταπλέωσι
693 2588 735 2648 ἐπ’
755 2588 985 2666 Ἑλλησπόντου·

179 2678 262 2742 τέλος
275 2676 298 2737 δ’
309 2677 385 2747 ἔδοξε
394 2676 498 2737 τούτων
507 2679 559 2754 μὲν
569 2677 706 2756 μηδέτερα
718 2677 831 2747 ποιέειν,
843 2678 987 2736 ἐπιπλέειν

183 2765 212 2824 δέ
226 2765 271 2825 ἐπὶ
284 2765 336 2840 τήν
349 2763 474 2840 ήπειρον·
495 2765 777 2841 παρασκευασάμενοι
790 2763 828 2825 ὧν
841 2769 869 2828 ἒς
882 2789 986 2842 ναυμα·

179 2854 244 2931 χίην
258 2854 303 2912 καὶ
316 2852 483 2930 ἀποβάθρας
499 2852 545 2910 καὶ
561 2852 595 2912 τά
615 2852 692 2911 ἀλλα
711 2851 786 2912 ὅσων
803 2852 868 2922 ἔδεε,
882 2853 986 2914 ἔπλεον

179 2941 225 2998 ἐπὶ
244 2945 296 3016 τῆς
315 2939 462 3015 Μυκάλης.
503 2941 563 2999 ἐπεὶ
583 2941 613 3000 δὲ
632 2941 723 3022 ἀγχοῦ
741 2967 772 3000 τε
790 2941 914 3022 ἐγίνοντο
934 2945 986 3002 τοῦ

179 3028 378 3101 στρατοπέδου,
393 3028 438 3086 καὶ
452 3027 539 3090 οὐδεὶς
553 3029 682 3103 ἐφαίνετό
696 3035 752 3104 σφι
766 3029 984 3110 ἐπαναγόμενος,

178 3111 256 3170 ἀλλά
269 3113 344 3189 ὥρων
356 3116 418 3177 νέας
431 3114 638 3192 ἀνελκυσμένας
651 3117 706 3176 ἔσω
719 3121 769 3176 τοῦ
782 3118 897 3196 τείχεος,
913 3122 985 3177 πολ-

180 3197 232 3256 λὸν
258 3199 288 3258 δὲ
307 3202 391 3271 πεζόν
410 3204 647 3280 παρακεκριμένον
670 3203 747 3282 παρά
770 3204 821 3264 τόν
843 3205 984 3285 αἰγιαλόν,

178 3284 294 3342 ἐνθαῦτα
307 3290 477 3363 πρῶτονμὲν
487 3292 561 3368 ἐντῄ
575 3291 620 3366 νηῒ
633 3292 812 3369 παραπλέων,
824 3293 984 3372 ἐγχρίμψας
