2258 3568
139 132 255 197 43-46]
498 121 610 182 υνιτα
917 131 948 182 7⁵

140 213 216 276 ὅσας
242 198 277 273 ἂν
302 213 439 277 πλείστας
466 213 593 274 δύναιντο
620 212 869 291 καταστρέφεσθαι
893 215 949 272 τῷν

140 301 319 378 Ἑλληνίδων
343 302 457 371 πολίων,
477 306 562 362 τοῦτο
583 303 634 378 μὲν
651 301 686 376 δὴ
701 305 771 380 πᾶσι
788 301 872 377 νηυσὶ
894 307 949 360 Θα·

142 389 227 453 σίους
251 389 314 449 οόδὲ
338 393 433 468 χεῖρας
457 389 687 466 ἀνταειραμένους
711 389 949 467 καταστρέψαντο,

141 482 230 538 τοῦτο
250 479 281 537 δὲ
298 483 336 558 τῷ
354 481 427 557 πεζῷ
440 478 603 541 Μακεδόνας
616 478 687 556 πρός
700 481 777 538 τοῖσι
790 477 950 558 ὑπάρχουσι

143 567 266 630 δούλους
286 567 528 643 προσεκτήσαντο
552 566 588 626 τά
605 566 662 648 γάρ
684 565 761 630 ε’ντός
782 565 950 627 Μακεδόνων

141 656 226 715 ἔθνεα
247 655 339 714 πάντα
361 662 417 731 σφι
441 653 476 730 ἦν
497 654 550 732 ἤδη
566 654 714 734 ύποχείρια
733 654 876 736 γεγονότα
919 660 950 714 έκ

142 745 198 819 μὲν
213 743 248 818 δι)
261 742 361 802 Θάσου
381 743 568 818 διαβαλόντες
588 744 683 820 πέρην,
697 743 752 803 ύπό
770 742 822 819 τήν
834 741 950 821 ἤπειρον

144 831 309 908 ἐκομίζοντο
329 832 413 910 μέχρι
429 831 576 892 Ἀκάνθου·
598 837 629 890 ε’κ
650 831 679 890 δὲ
692 831 830 892 Ἀκάνθου
847 830 949 909 όρμειό-

144 944 234 996 μενοι,
258 918 308 979 τόν
327 918 421 979 Ἀθων
445 920 647 996 περιέβαλλον·
676 920 817 980 ε’πιπεσιδν
840 920 871 979 δέ
894 926 951 995 σφι

145 1007 333 1084 περιπλέουσι
356 1008 447 1084 βορῆς
474 1008 574 1084 ἄνεμος
597 1009 685 1088 μέγας
707 1033 739 1068 τε
767 1009 813 1066 καὶ
836 1007 950 1084 ἄπορος,

146 1095 235 1170 κάρτα
255 1096 378 1175 τρηχέως
396 1097 532 1173 περιέσπε
553 1095 657 1170 πλήθεϊ
678 1096 790 1158 πολλάς
810 1099 866 1156 τῷν
884 1100 951 1155 νειϊν

147 1183 300 1260 ἐκβάλλων
317 1183 389 1261 πρός
407 1185 457 1244 τόν
469 1183 573 1244 Ἀθων·
595 1186 708 1265 λέγεται
719 1184 775 1266 γὰρ
790 1183 861 1243 κατὰ
875 1209 950 1260 τριη-

147 1273 246 1334 κοσίας
266 1273 318 1348 μὲν
336 1277 392 1332 τῷν
414 1277 481 1332 νεῷν
498 1273 548 1336 τάς
567 1273 771 1349 διαφθαρείσας
790 1271 867 1341 εἶναι,
881 1271 951 1347 ὑπὲρ

147 1359 178 1418 δέ
191 1359 241 1418 δύο
253 1361 389 1436 μυριάδας
402 1360 561 1437 άνθράπων.
604 1359 677 1421 ὥστε
694 1361 750 1441 γάρ
767 1360 951 1438 θηριωδεστά-

146 1473 197 1524 της
210 1447 311 1524 εὀύσης
324 1453 374 1524 τῆς
389 1448 539 1525 θαλάσσης
548 1448 651 1525 ταύτης
659 1453 710 1525 τῆς
723 1450 787 1527 περὶ
800 1449 849 1509 τόν
857 1448 951 1508 Ἀθων

147 1539 175 1594 οἱ
188 1538 240 1612 μὲν
252 1535 307 1596 ύπό
321 1542 375 1602 τῷν
389 1538 490 1614 θηρίων
508 1538 700 1614 διεφθείροντο
714 1537 909 1615 ἁρπαζόμενοι,
924 1541 951 1596 οϊ

147 1623 179 1682 δὲ
192 1624 263 1701 πρός
275 1625 325 1688 τάς
338 1627 441 1703 πέτρας
461 1625 661 1702 ἀρασσόμενοι,
677 1629 703 1686 οἱ
724 1626 753 1686 δὲ
774 1625 863 1685 αι’τῶν
882 1627 952 1686 νέειν

148 1709 200 1770 ούκ
222 1713 380 1786 ἐπιστέατο,
401 1713 447 1772 καὶ
466 1713 535 1773 κατά
557 1719 641 1774 τοῦτο
661 1713 901 1793 διεφθείροντο,οϊ
922 1713 952 1772 δὲ

147 1801 229 1880 ῥίγεϊ.
272 1799 289 1861 ό
311 1803 362 1878 μὲν
380 1801 414 1877 δη
433 1803 560 1865 ναυτικός
581 1802 703 1879 στρατός
722 1803 793 1862 οὕτω
815 1803 951 1881 ἔπρησσε.

149 1891 300 1970 Μαρδονίῳ
315 1891 344 1950 δὲ
357 1891 403 1949 καὶ
416 1894 455 1970 τῷ
467 1892 540 1970 πεζῷ
552 1891 831 1970 στρατοπεδευομένῳ
846 1897 874 1951 έν
888 1897 950 1950 Μα-
961 1895 998 1950 45

150 1978 259 2058 κεδονίῃ
284 1978 381 2042 νυκτός
407 1981 512 2060 Βρύγοι
535 1979 652 2056 Θρήϊκες
680 1980 875 2059 ἐπεχείρησαν·
904 1980 952 2038 καί

149 2074 247 2142 σφεων
264 2068 391 2131 πολλους
404 2067 556 2144 φονεύουσι
575 2072 601 2127 αϊ
615 2068 729 2149 Βρύγοι,
743 2068 904 2145 Μαρδόνιον
923 2068 952 2127 δέ
1033 2061 1037 2067 ¹

149 2155 461 2233 αύτόντρωματίζουσι.
503 2156 536 2216 ού
556 2158 652 2232 μέντοι
674 2156 736 2216 οὐδὲ
758 2156 836 2216 αύτοῖ
855 2156 952 2216 δουλο-

150 2243 239 2320 σύνην
256 2245 390 2325 διέφυγον
403 2244 474 2321 πρός
488 2247 631 2322 Περσέων·
653 2245 685 2305 ού
699 2244 754 2327 γάρ
769 2245 802 2320 δὴ
816 2244 952 2322 πρότερον

150 2332 296 2409 ἀπανέστη
318 2338 348 2392 έκ
368 2337 425 2393 τῶν
442 2335 552 2412 χωρ’έων
570 2335 688 2395 τουτέων
706 2334 872 2412 Μαρδόνιος,
886 2335 952 2411 πρὶν

149 2419 169 2495 ἦ
191 2429 286 2497 σφεας
311 2421 486 2501 ὑποχειρίους
513 2421 676 2498 ε’ποιήσατο.
717 2423 831 2486 τούτους
857 2424 952 2501 μέντοι

151 2509 416 2587 καταστρεψάμενος
438 2510 529 2590 ἀπῆγε
550 2509 602 2586 τήν
623 2511 758 2589 στρατιὴν
779 2511 879 2582 ὀπίσω,
902 2509 950 2570 ἅτε

150 2600 189 2675 τῷ
211 2599 286 2676 πεζῷ
306 2623 337 2657 τε
359 2599 557 2675 προσπταίσας
578 2599 649 2676 πρός
669 2600 735 2663 τούς
756 2600 883 2681 Βρύγους
907 2599 952 2657 καὶ

150 2689 188 2763 τῷ
201 2690 319 2764 ναυτικῷ
333 2687 462 2766 μεγάλως
482 2687 546 2762 περὶ
555 2685 658 2746 Ἀθων.
700 2685 780 2751 οὗτος
800 2689 852 2764 μέν
869 2711 917 2746 νυν
937 2687 952 2746 ό

151 2773 258 2836 στόλος
278 2777 401 2852 αἰσχρῶς
422 2774 628 2854 ἀγωνισάμενος
648 2774 824 2855 ἀπαλλάχθη
846 2780 873 2838 ἐς
898 2775 951 2850 τήν

150 2861 262 2937 Ἀσίην.

192 2950 320 3028 Δευτέρῳ
334 2950 363 3009 δὲ
377 2952 431 3009 ἔτεϊ
443 2949 547 3009 τούτων
557 2949 573 3009 ό
585 2955 711 3028 Δαρεῖος,
722 2955 819 3029 πρῷτα
831 2953 883 3029 μὲν
896 2957 950 3010 Θα-
960 2951 998 3010 46

151 3039 232 3100 σίους
247 3038 452 3114 διαβληθέντας
465 3037 519 3097 ύπὸ
532 3041 588 3097 τῷν
609 3037 812 3118 ἀστυγειτόνων
831 3038 866 3100 οἷς
884 3038 952 3097 α’πό·

151 3151 258 3187 στασιν
271 3125 452 3204 μηχανοίατο,
466 3126 580 3200 πέμψας
599 3124 721 3203 ἄγγελον
738 3125 847 3180 ε’κέλευέ
860 3129 953 3194 σφεας

151 3215 185 3274 τό
202 3218 296 3292 τεῖχος
314 3214 478 3289 περιαιρέειν
497 3210 606 3269 καὶτοῖς
620 3210 682 3268 νέας
695 3213 722 3267 ἐς
731 3205 864 3277 Ἀβδηρα
878 3204 954 3274 κομί-

153 3303 216 3372 ζειν.
261 3303 288 3359 οἶ
308 3301 364 3380 γὰρ
386 3297 421 3372 δὴ
437 3296 549 3360 Θάσιοι,
568 3292 614 3349 οἶα
630 3289 686 3348 im&
704 3288 838 3344 Ἱστιαίου
856 3305 887 3340 τε
904 3287 954 3338 τοῦ
