2276 3554
159 145 288 210 99-10‘2]
465 133 650 196 ιιοιιαιιυιι.
912 149 959 196 159

158 231 214 308 γῆν
228 229 378 306 τρέψαντες
393 228 494 292 πάντες
512 228 684 305 μετωπηδόν,
699 229 745 288 καὶ
764 229 962 300 ἐξοπλίσαντες

157 315 225 379 τούς
239 315 377 392 ἐπιβάτας
388 315 423 380 άς
433 321 461 380 ές
470 317 606 393 πόλεμον·
622 315 637 376 ό
649 317 672 376 δ’
683 317 823 381 ἐντός-τῶν
833 318 961 395 πρωρέων

157 405 253 464 πλέων
267 405 374 479 ε’θηεῖτο
389 405 435 463 καὶ
448 409 498 464 τοῦ
506 409 647 486 αἰγιαλοῦ.

198 491 248 555 Ὡς
266 493 295 550 δὲ
312 495 357 552 καὶ
374 494 476 556 ταύτας
495 493 672 563 διεξέπλωσε,
687 495 733 552 καὶ
749 495 834 570 ε’ξέβη
848 499 879 570 έκ
891 497 941 570 τῆς
952 495 1006 554 10]

157 580 227 651 νεός,
241 581 440 658 μετεπέμψατο
462 581 633 658 Δημάρητον
652 581 702 641 τᾶν
719 581 894 656 Ἀρίστωνος,
913 608 962 642 συ-

157 669 382 746 στρατευόμενον
402 668 476 748 αύτῷ
497 669 542 729 ε’πὶ
558 669 610 745 την
625 669 762 728 Ἑλλάδα·
794 672 917 734 καλέσας
939 669 962 730 δ’

158 756 243 817 αύτδν
264 759 353 834 εἴρετο
372 757 447 817 τάδε·
470 768 488 794 “
497 758 656 834 Δημάρητε,
676 762 724 818 νῦν
743 760 795 835 μοί
813 784 848 817 σε
865 758 918 834 ἡδύ
935 784 963 818 τι

157 847 220 904 ε’στὶ
239 846 399 923 έπείρεσθαι
416 847 452 906 τά
471 847 553 906 θέλω·
575 845 612 905 σύ
631 846 669 910 εἶς
682 845 794 923 Ἕλλην
811 873 850 916 τε,
865 848 910 906 καὶ
928 847 964 910 ὦς

159 933 213 1013 ε’γώ
227 934 402 1011 πυνθάνομαι
416 938 467 994 σεῦ
479 960 510 994 τε
524 935 571 993 καὶ
583 937 638 994 τῶν
651 933 746 994 ἄλλων
755 934 899 1010 Ἑλλήνων
908 939 963 994 τῶν

158 1023 220 1097 ε’μοὶ
234 1027 262 1085 ές
281 1021 384 1104 λόγους
396 1021 607 1100 ἅπικνεομένων,
621 1022 721 1086 πόλιος
739 1022 796 1083 οὔτ’
811 1024 964 1101 ἐλαχίστης

158 1107 214 1168 οὔτ’
237 1110 454 1186 ἀσθενεστάτης·
489 1115 538 1171 νῦν
565 1109 601 1170 ὧν
625 1137 674 1188 μοι
700 1110 764 1170 τάδε
791 1111 912 1188 φράσον,
940 1115 964 1172 εἰ

154 1195 294 1273 Ἕλληνες
320 1197 507 1274 ύπομενέουσι
536 1203 631 1278 χεῖρας
658 1199 720 1275 ε’μοὶ
747 1198 962 1276 ἀνταειρόμενοι·

158 1283 191 1344 ού
205 1285 270 1367 γάρ,
285 1285 320 1354 ὥς
335 1286 388 1368 ε’γῶ
402 1287 494 1360 δοκέω,
511 1286 566 1346 οὐδ’
582 1291 606 1345 εἰ
618 1287 863 1363 πάντεςἜλληνες
877 1288 923 1346 καὶ
936 1290 964 1347 οἶ

156 1377 256 1435 λοιποὶ
278 1379 305 1435 οἱ
327 1375 397 1452 πρός
425 1376 545 1452 ἑσπέρης
566 1376 700 1438 οἰκέοντες
727 1375 867 1453 ἅνθρωποι
894 1380 963 1435 συλ-

156 1465 339 1543 λεχθείησαν,
354 1463 403 1522 ούκ
419 1463 572 1543 ἀξιόμαχοί
584 1467 639 1522 εἰσι
658 1466 706 1540 ἐμὲ
721 1464 833 1524 ε’πιόντα
849 1463 963 1542 ύπομεῖ·

156 1577 211 1622 ναι,
229 1551 271 1628 μή
295 1552 385 1615 ἐόντες
408 1550 530 1628 ἄρθμιοι·
562 1552 648 1611 ε’θέλω
669 1553 764 1628 μέντοι
783 1553 829 1612 καὶ
849 1553 882 1612 τό
905 1551 962 1614 α’πό

156 1645 218 1709 σεῦ,
238 1640 333 1700 όκοῖόν
345 1667 373 1700 τι
388 1641 480 1720 λέγεις
494 1641 558 1717 περὶ
572 1640 669 1710 αὐτῶν,
684 1639 849 1701 πυθέσθαι.”
883 1641 899 1701 ό
911 1643 963 1718 μέν

155 1732 246 1787 ταῦτα
255 1727 362 1804 εἰρώτα·
378 1727 394 1787 ό
406 1728 435 1786 δὲ
446 1728 602 1804 ύπολαβῶν
613 1729 677 1804 ἔφη·
692 1736 710 1764 “
718 1731 851 1805 βασιλεῦ,
864 1728 964 1806 κότερα

156 1814 280 1895 α’ληθηίη
307 1816 453 1895 χρήσομαι
476 1817 546 1894 πρός
571 1819 605 1875 σὲ
628 1813 646 1892 ἦ
668 1817 754 1896 ἡδονῇ
764 1815 788 1886 ;”
822 1817 838 1877 ό
863 1818 893 1876 δέ
915 1843 964 1893 μιν

156 1903 281 1983 άληθηΐῃ
302 1906 469 1984 χρῆσασθαι
493 1905 611 1974 ἐκέλευε,
632 1905 688 1980 φάς
711 1906 789 1966 οὐδέν
810 1909 837 1965 οἱ
863 1905 961 1981 άηδέσ-

155 2019 238 2070 τερον
254 1995 371 2054 ἔσεσθαι
385 1993 404 2070 ἢ
417 1993 554 2071 πρότερον
571 1993 615 2070 ἦν·
638 1993 673 2057 οἷς
692 1995 721 2053 δὲ
737 1999 825 2054 ταῦτα
838 1995 942 2070 ἤκουσε
954 1998 1010 2054 102

157 2082 336 2159 Δημάρητος,
358 2084 437 2163 ἔλεγε
454 2082 529 2141 τάδε.
553 2093 571 2118 “
579 2085 713 2158 βασιλεῦ,
731 2083 824 2158 ἐπειδὴ
841 2083 963 2162 άληθηΐη

159 2170 371 2248 διαχρήσασθαι
383 2170 492 2234 πάντως
504 2197 540 2247 με
554 2170 682 2241 κελεύεις,
695 2175 782 2231 ταῦτα
796 2172 915 2252 λέγοντα
928 2173 963 2231 τά

155 2259 197 2335 μή
219 2259 387 2336 ψευδόμενός
407 2285 449 2322 τις
469 2257 588 2335 ὕστερον
607 2258 662 2319 ύπό
684 2262 735 2318 σεῦ
757 2259 907 2333 α’λόσεται,
927 2263 963 2339 τῇ

155 2346 276 2406 Ἑλλάδι
299 2349 381 2423 πενίη
403 2349 455 2424 μὲν
484 2348 540 2406 αἰεί
561 2373 625 2406 κοτε
652 2347 811 2424 σύντροφος
838 2347 961 2420 σύνεστι,

156 2433 242 2512 ἀρετὴ
257 2436 285 2496 δὲ
300 2435 417 2498 ἔπακτός
431 2440 501 2506 ε’στι,
519 2435 576 2495 άπό
589 2462 621 2495 τε
634 2436 739 2512 σοφίης
753 2438 963 2518 κατεργασμένη

156 2524 204 2582 καὶ
225 2523 311 2601 νόμου
334 2527 463 2602 ἰσχυροῦ·
485 2529 521 2602 τῇ
540 2524 727 2603 διαχρεωμένη
745 2523 764 2600 ἦ
783 2523 898 2595 Ἑλλάς,
912 2523 964 2600 τήν

155 2638 187 2672 τε
208 2613 304 2689 πενίην
326 2611 501 2688 α’παμύνεται
518 2615 563 2672 καὶ
582 2613 634 2688 τὴν
654 2613 842 2688 δεσποσύνην.
884 2614 964 2672 αἰνέω

155 2701 209 2777 μέν
230 2727 277 2760 νυν
299 2701 404 2764 πάντας
423 2700 568 2776 Ἕλληνας
590 2701 655 2764 τούς
679 2703 742 2778 περὶ
767 2703 870 2764 κείνους
896 2700 961 2763 τούς

157 2789 300 2865 Δωρικούς
320 2815 427 2869 χωρους
449 2790 617 2865 οἰκημένους·
640 2791 757 2869 ἔρχομαι
776 2789 806 2848 δὲ
825 2790 912 2858 λέξων
931 2787 964 2848 ου’

155 2879 221 2953 περὶ
230 2877 341 2938 πάντων
350 2877 453 2937 τούσδε
463 2877 528 2941 τούς
542 2878 653 2959 λόγους,
664 2878 742 2938 α’λλά
752 2879 815 2954 περὶ
829 2877 963 2936 Λακεδαι-

154 2968 260 3044 μονίων
277 2966 396 3044 μούνων·
418 2971 515 3044 πρῶτα
531 2969 590 3044 μὲν,
606 2967 649 3027 ὅτι
666 2967 715 3026 ούκ
733 2969 792 3026 ἔστι
813 2967 881 3030 ὅκως
900 2969 963 3026 κοτὲ

156 3054 228 3118 σούς
244 3055 369 3124 δέξονται
388 3055 491 3136 λόγους
510 3056 683 3132 δουλοσύνην
699 3057 835 3132 φέροντας
847 3059 883 3134 τῇ
896 3055 961 3114 Ἑλ·

155 3143 233 3202 λάδι·
255 3143 331 3208 αύτις
349 3143 386 3214 δέ,
402 3143 437 3206 (ύς
458 3142 642 3203 άντιιύσονταί
653 3169 697 3202 τοι
712 3149 739 3205 ές
751 3143 854 3220 μάχην,
869 3143 915 3200 καὶ
928 3140 963 3216 ἢν

156 3235 184 3292 οἶ
198 3231 435 3308 άλλοιἚλληνες
453 3232 553 3294 πάντες
566 3229 602 3290 τά
617 3231 656 3288 σά
673 3231 822 3305 φρονέωσι·
844 3228 963 3304 άριθμοῦ

155 3321 185 3381 δὲ
201 3321 273 3398 πέρι,
287 3321 327 3397 μή
341 3320 417 3398 πύθη
432 3319 496 3380 ὅσοι
510 3321 581 3378 τινὲς
594 3316 684 3376 ε’όντες
697 3319 784 3372 ταῦτα
794 3317 897 3372 ποιέειν
908 3313 964 3371 οἶοί
