2282 3550
195 152 238 199 ιιι
505 150 686 204 ἀνοιοτοτ
916 150 997 213 [vn.

191 255 247 308 μου
258 227 358 291 τούτου
372 229 435 290 ούδέ
450 228 674 307 προσδεκόμενον
688 229 774 290 κακὸν
788 229 866 290 ούδέν
882 230 998 292 πείσεσ-

192 320 247 389 θαι,
262 318 374 400 ἀγαγὼν
388 319 434 376 καὶ
448 318 561 379 τούτους
574 322 601 377 ἐς
614 315 663 379 τάς
681 315 860 395 Συρηκούσας
874 316 998 379 ἀπέδοτο

192 405 234 466 ἐπ’
249 407 374 488 ἐξαγωγή
392 411 421 466 ἐκ
441 406 577 482 Σικελίης.
620 403 706 464 τιύυτά
726 405 756 464 δέ
773 409 857 464 τοῦτο
877 406 923 464 καὶ
941 406 998 466 Ea}-

191 496 278 571 βοέας
290 495 355 558 τοῦς
372 499 401 554 ἐν
418 495 532 574 Σικελίῃ
546 496 670 570 ἐποίησε,
685 493 833 570 διακρίνας·
855 494 944 553 ἐποίεε
965 495 998 554 δέ

191 587 279 642 ταῦτα
292 583 407 647 τούτους
420 583 604 660 ἀμφοτέρους,
615 583 732 658 νομίσας
747 582 835 657 δῆμον
847 582 915 640 εἶναι
929 610 997 643 συν·
1015 595 1022 621 '

192 671 294 748 οίκημα
307 670 522 750 ἀχαριτώτατον.
564 669 678 748 τοιούτῳ
691 671 744 745 μὲν
757 667 851 748 τρόπῳ
863 669 997 745 τύραννος

192 759 317 840 ἐγεγόνεε
329 761 418 841 μέγας
424 759 447 819 ιό
461 761 564 819 Γέλων.

145 850 199 908 157
231 848 301 907 Τότε
318 848 354 918 δὲ,
370 848 405 911 ὦς
421 851 448 908 οἱ
467 846 583 928 ἀγγελοι
599 849 654 908 τιῦν
669 847 815 924 Ἑλλήνων
831 849 950 908 ἀπίκατο
968 855 996 914 ἐς

190 936 239 1000 τάς
263 936 452 1013 Συρηκούσας,
474 936 602 1000 ἐλθόντες
626 935 699 1014 αύτῷ
720 941 747 998 ἐς
771 935 873 1016 λόγους
895 938 996 1018 ἔλεγον

189 1023 264 1082 τάδε·
286 1036 302 1060 “
311 1026 439 1103 ἔπεμψαν
451 1023 539 1101 ήμέας
552 1024 765 1101 λακεδαιμόνιοι
783 1025 828 1082 καὶ
847 1028 873 1083 οἱ
889 1023 996 1088 τούτων

190 1111 344 1192 σύμμαχοι,
356 1114 632 1192 παραλαμψομένους
646 1139 680 1172 σε
691 1113 761 1190 πρὸς
773 1111 823 1172 τάν
831 1112 995 1190 βάρβαρον·

189 1200 238 1260 τάν
253 1201 308 1282 γάρ
327 1201 440 1262 ἐπιόντα
457 1202 503 1260 ἐπὶ
522 1203 573 1278 τήν
594 1201 720 1260 Ἑλλάδα
737 1199 845 1264 πάντως
862 1228 910 1260 κου
927 1229 993 1262 πυν-

190 1288 294 1348 θάνεαι·
311 1289 354 1349 ὅτι
369 1291 484 1366 Πέρσης
498 1289 568 1368 ἀνήρ
579 1292 688 1368 μέλλει,
701 1289 795 1360 ζεύξας
808 1289 858 1349 τόν
867 1289 994 1366 Ἑλλήσ-

189 1401 291 1437 ποντον
305 1379 350 1436 καὶ
370 1378 479 1459 ἐπάγων
495 1377 586 1438 πάντα
602 1379 651 1438 τάν
667 1377 739 1457 ήῷον
755 1378 878 1456 στροτάν
895 1385 924 1437 ἐκ
942 1385 994 1454 τῆς

188 1462 294 1540 Ἀσίης,
306 1465 552 1543 στρατηλατήσειν
566 1470 611 1527 ἐπὶ
623 1467 675 1544 τήν
688 1466 822 1538 Ἐλλάδα,
837 1465 994 1545 πρόσχημα

186 1555 239 1629 μὲν
258 1553 420 1630 ποιεύμενος
441 1554 477 1618 ὥς
498 1555 540 1614 ἐπ’
557 1555 677 1631 Ἀθήνας
699 1553 815 1625 ἐλαύνει,
838 1560 867 1614 ἐν
888 1554 941 1634 νύιρ
962 1556 994 1615 δέ

188 1642 257 1720 ἔχων
270 1647 366 1702 πᾶσαν
376 1643 428 1718 τήν
440 1642 568 1703 Ἑλλάδα
577 1644 623 1704 ὑπ’
635 1647 724 1723 ἐωυτῷ
737 1641 923 1720 ποιήσασθαι.
952 1643 993 1704 σύ

189 1730 218 1788 δὲ
240 1730 369 1808 δυνάμιός
392 1757 422 1791 τε
446 1733 520 1808 ἥκεις
543 1733 677 1814 μεγάλης,
700 1733 745 1791 καὶ
768 1731 854 1809 μοῖρά
877 1759 921 1792 τοι
941 1737 993 1810 τῆς

188 1818 325 1884 Ἑλλάδος
344 1820 394 1880 ούκ
413 1823 551 1900 ἐλαχίστη
568 1823 648 1898 μέτα,
666 1820 784 1900 άρχοντί
799 1846 840 1902 γε·
852 1822 992 1898 Σικελίης*

186 1908 287 1984 βοήθει
300 1934 331 1968 τε
347 1913 423 1969 τοῖσι
437 1910 615 1986 ἐλευθεροῦσι
634 1909 686 1984 τήν
698 1908 833 1979 Ἑλλάδα,
850 1911 895 1968 καὶ
912 1936 991 1970 ουνε-

186 1997 329 2074 λευθέρου.
371 1997 442 2072 ἀλής
461 2000 512 2074 μὲν
530 1998 584 2078 γάρ
600 1999 732 2078 γινομένη
748 2001 829 2058 πᾶσα
850 1995 993 2072 ήἘλλάς

187 2085 248 2163 χεὶρ
275 2086 386 2168 μεγάλη
414 2084 572 2166 συνάγεται,
602 2086 648 2145 καὶ
679 2084 828 2165 ἀξιόμαχοι
855 2085 992 2166 γινόμεθα

185 2176 262 2232 τοῖσι
279 2177 399 2234 ἐπιοῦσι·
421 2173 455 2249 ἢν
468 2173 498 2232 δέ
513 2174 605 2252 ήμέων
619 2177 646 2234 οἶ
661 2177 713 2251 μέν
727 2173 950 2251 καταπροδιδῶσι
963 2179 992 2235 οἶ

186 2260 216 2319 δὲ
229 2261 268 2336 μή
280 2262 384 2322 θέλωσι.
403 2264 548 2339 ἰμωρέειν,
560 2264 593 2323 τά
608 2263 637 2322 δέ
652 2262 777 2344 ῦγιαῖνον
789 2267 839 2338 τῆς
852 2262 992 2328 Ἑλλάδος

185 2346 323 2429 ᾖάλίγον,
337 2354 419 2408 τοῦτο
435 2350 463 2409 δὲ
481 2349 533 2428 ἤδη
547 2351 635 2412 δεινάν
648 2352 754 2433 γίνεται
767 2350 807 2428 μὴ
821 2351 895 2430 πέαη
908 2355 991 2412 πάσα

184 2435 204 2512 ή
216 2435 330 2500 Ἑλλάς.
362 2441 401 2517 μή
414 2439 469 2520 γάρ
481 2441 607 2520 ἐλπίσῃς,
618 2439 653 2517 ἦν
663 2441 750 2518 ήμέας
764 2440 991 2518 καταστρέψηται

185 2523 201 2584 ὁ
219 2525 333 2602 Πέρσης
350 2527 427 2605 μάχῃ
443 2529 593 2604 κρατήσας,
609 2529 643 2591 ἀς
658 2529 718 2589 ούκὶ
732 2530 791 2605 ἥξει
806 2528 882 2603 παρά
898 2530 934 2587 σέ
946 2555 990 2608 γε·

185 2611 262 2672 ἀλλά
278 2613 334 2690 πρά
351 2615 450 2674 τούτου
468 2616 602 2690 φύλαξαι·
623 2618 753 2692 βοηθέων
771 2616 826 2698 γάρ
839 2616 906 2692 ἡμῖν
921 2643 990 2676 σεω-

184 2705 239 2780 υτῷ
265 2703 413 2780 τιμωρέεις·
449 2707 487 2783 τῷ
514 2705 544 2763 δὲ
572 2704 601 2764 εὖ
630 2707 814 2781 βουλευθέντι
846 2704 989 2783 πρήγματι

184 2790 300 2866 τελευτή
319 2789 355 2854 ἀς
374 2791 407 2851 τό
427 2793 528 2852 ἐπίπαν
545 2795 658 2872 χρηστή
678 2795 768 2854 ἐθέλει
789 2793 990 2876 ἐπιγίνεσθαι.”

139 2878 195 2936 158
205 2881 242 2936 Οἶ
264 2880 317 2954 μὲν
339 2883 427 2938 ταῦτα
448 2881 554 2961 ἔλεγον·
576 2883 671 2942 Γέλων
692 2882 722 2941 δὲ
742 2881 851 2944 πολλός
872 2881 989 2943 ἐνέκειτο

183 2965 273 3046 λέγων
301 2966 403 3026 τοιάδε·
440 2967 560 3044 “ἀνδρες
587 2969 736 3046 Ἕλληνες,
765 2970 852 3051 λόγον
880 2971 989 3048 ἔχοντες

183 3053 352 3130 πλεονέκτην
366 3055 543 3130 ἐτολμήσατε
559 3060 608 3135 ἐμέ
624 3058 776 3138 σύμμαχον
793 3059 838 3116 ἐπὶ
854 3058 904 3118 τάν
916 3059 989 3136 βάρ-

184 3139 275 3216 βαρον
284 3143 507 3216 παρακαλέοντες
520 3146 621 3204 ἐλθεῖν·
636 3146 716 3205 αύτοὶ
726 3147 763 3216 δὲ,
776 3151 841 3222 ἐμεῦ
852 3147 989 3224 πρότερον

185 3225 327 3300 δεηθέντος
349 3229 530 3306 βαρβαρικοῦ
554 3238 677 3310 στρατοῦ
702 3233 921 3311 συνεπάψασθαι
942 3235 989 3295 ὅτε

186 3339 233 3388 μοι
254 3314 324 3386 πρὸς
348 3318 555 3394 Καρχηδονίους
580 3325 667 3382 νεῖκος
690 3326 826 3398 συνῆπτο,
849 3323 987 3400 ἐπισκήπ-
