2276 3554
166 123 214 173 τοι
474 123 656 174 Ἤτοιοιοτ
891 123 970 188 [vn.

165 201 279 280 δεύτερα
294 201 399 262 τούτων
411 203 605 280 παραμείβετο
617 202 711 280 τείχεα
722 201 760 261 τό
776 203 895 280 Πιέρων·
916 209 971 265 τῶν

166 291 212 350 καὶ
231 292 270 350 ἐνὶ
286 289 399 370 Φάγρης
420 291 482 350 ἐστὶ
503 290 617 368 οὔνομα,
639 292 684 348 καὶ
705 291 788 370 ἑτέρῳ
809 291 971 372 Πέργαμος·

165 379 252 457 ταύτῃ
265 381 316 456 μὲν
331 378 364 453 δὴ
375 377 440 455 παρ’
452 378 522 438 αὐτὰ
534 378 570 438 τό
584 379 678 457 τείχεα
692 377 745 454 τήν
759 378 824 438 ὁδόν
838 381 972 451 ἐποιέετο,

166 471 196 526 ἐκ
220 468 310 543 δεξιῆς
334 467 416 544 χερός
434 467 469 526 τὰ
494 467 642 548 Πάγγαιον
663 465 745 542 οὖρος
765 465 901 547 ἀπέργων,
924 468 972 528 ἐδν

165 557 239 637 μέγα
254 582 285 615 τε
305 556 351 613 καὶ
367 554 487 632 ύψηλόν·
509 561 537 614 ἐν
553 559 592 633 τῷ
609 553 718 633 χρύσεά
734 580 765 614 τε
784 556 829 613 καὶ
848 554 972 636 ἀργύρεα

165 645 204 702 ένι
216 645 355 719 μέταλλα,
369 642 405 701 τὰ
424 644 554 720 νέμονται
570 643 670 719 Πίερές
685 669 716 701 τε
733 643 779 701 καὶ
791 642 971 719 Ὀδόμαντοι,

119 732 232 790 113καὶ
248 731 376 807 μάλιστα
394 730 509 807 Σάτραι.
550 730 777 806 Ὑπεροικέοντας
793 730 823 789 δέ
840 730 873 790 τδ
891 731 971 813 Πόγ-

165 844 246 900 γαιον
262 819 332 895 πρός
350 819 443 895 βορέω
461 818 565 894 ἀνέμου
582 819 707 880 Παίονας
723 818 858 894 Δόβηράς
876 845 907 878 τε
924 821 972 878 καὶ

166 906 317 970 Παιόπλας
330 907 475 984 παρεξιών,
489 906 533 982 ἤϊε
546 906 617 984 πρός
630 906 761 983 ἑσπέρην·
783 912 811 969 ἐς
824 905 840 966 δ
853 905 972 968 οἷπίκετο

167 997 212 1055 ἐπὶ
227 995 355 1070 ποταμόν
370 1021 401 1054 τε
418 995 565 1072 Στρυμόνα
581 996 628 1053 καὶ
645 994 730 1054 πόλιν
741 993 848 1066 Ἠϊόνα,
860 998 911 1070 τῆς
929 997 971 1056 ἔτι

167 1085 235 1156 ζωὰς
251 1084 301 1144 ἐών
317 1082 387 1162 ἦρχε
403 1082 504 1164 Βόγης,
518 1087 568 1142 τοῦ
583 1109 636 1160 περ
650 1082 738 1164 όλίγιρ
754 1082 891 1160 πρότερον
905 1084 970 1144 τού·

165 1197 219 1231 των
232 1171 320 1252 λόγον
334 1171 491 1248 ἐποιεύμην·
511 1170 531 1246 ἡ
544 1171 574 1230 δέ
589 1197 627 1252 γη
641 1170 743 1246 αὕτηή
759 1171 823 1248 περὶ
838 1171 871 1231 τό
889 1171 971 1254 Πόγ-

165 1286 247 1340 γαιον
266 1258 331 1336 ὅρος
352 1259 480 1318 καλέεται
498 1259 613 1321 Φυλλίς·
635 1259 844 1330 κατατείνουσα,
861 1259 897 1319 τό
916 1263 971 1336 μὲν

166 1348 237 1424 πρός
259 1348 387 1423 ἑσπέρην,
410 1347 455 1405 ἐπὶ
477 1346 606 1421 ποταμόν
626 1345 760 1427 Ἀγγίτην
780 1347 920 1408 ἐκδιδόντα
942 1353 971 1412 ἐς

166 1435 215 1495 τόν
229 1434 384 1511 Στρυμόνα·
405 1434 440 1492 τό
459 1435 489 1493 δέ
505 1427 575 1511 πρὸς
587 1436 778 1512 μεσαμβρίην,
792 1437 923 1496 τείνουσα
942 1442 970 1500 ές

167 1521 250 1582 αὐτόν
267 1522 316 1581 τόν
333 1522 488 1598 Στρυμόνα,
503 1528 531 1586 ἐς
545 1522 595 1582 τόν
613 1526 640 1582 οἶ
659 1522 756 1604 Μόγοι
772 1526 970 1601 ἐκαλλιρέοντο

121 1610 343 1686 114σφόζοντες
371 1610 471 1674 ἵππους
497 1609 621 1674 λευκούς.
662 1612 911 1688 Φαρμακεύσαντες
938 1614 969 1673 δέ

165 1702 254 1758 ταῦτα
270 1703 298 1760 ἐς
317 1697 368 1758 τόν
388 1698 523 1775 ποταμόν,
541 1699 587 1756 καὶ
607 1697 683 1757 ἅλλα
703 1699 800 1759 πολλα
816 1701 886 1778 πρδς
905 1702 968 1760 τού-

166 1812 249 1856 τοισι,
272 1791 300 1846 ἐν
319 1785 416 1846 Ἐννέα
436 1785 546 1846 Ὁδοῐσι
566 1790 634 1865 τῇσι
653 1785 783 1848 Ἠδωνῶν
803 1788 969 1866 ἐπορεύοντο

168 1874 238 1933 κατὰ
248 1874 298 1937 τὰς
307 1873 440 1955 γεφύρας,
447 1875 497 1934 τὸν
505 1873 651 1952 Στρυμόνα
663 1875 786 1952 εὑρόντες
796 1877 967 1956 ἐζευγμένον.

166 1961 263 2023 Ἐννέα
287 1962 316 2021 δὲ
340 1961 439 2026 Ὀδοδς
460 1961 662 2038 πυνθανόμενοι
683 1963 733 2022 τόν
754 1967 846 2042 χῶρον
869 1968 969 2026 τοῦτον

168 2052 328 2123 καλέεσθαι,
342 2049 494 2112 τοσούτους
512 2055 541 2109 ἐν
558 2049 632 2128 αύτῷ
644 2049 744 2114 παῖδός
757 2077 787 2110 τε
804 2051 849 2109 καὶ
866 2053 969 2129 παρθέ-

90 2209 94 2217 ,
168 2166 230 2202 νοιις
253 2139 359 2215 ἀνδρῶν
379 2143 434 2198 τῶν
457 2139 610 2217 ἐπιχωρίων
633 2137 751 2209 ζώοντας
775 2140 968 2217 κατώρυσσον.

169 2226 322 2307 (Περσικόν
349 2227 378 2286 δέ
405 2227 438 2286 τδ
465 2227 583 2298 ζώοντας
610 2227 805 2304 κατορύσσειν·
837 2229 896 2288 ἐπεὶ
922 2232 970 2289 καὶ

163 2315 323 2392 Ἄμηστριν
335 2313 387 2389 την
399 2315 508 2390 Ξέρξεω
519 2318 637 2394 γυναῖκα
653 2315 827 2393 πυνθάνομαι
843 2317 969 2398 γηράσα-

168 2429 224 2463 σαν
246 2403 287 2464 δὶς
313 2401 383 2461 ἔπτὰ
406 2403 541 2480 Περσέων
564 2403 664 2465 παῖδας
691 2403 790 2463 ἐόντων
815 2407 972 2480 ἐπιφανέων

167 2489 272 2568 ἀνδρῶν
284 2489 353 2565 ύπέρ
368 2493 469 2566 ἑωυτῆς
485 2494 524 2569 τῷ
536 2489 591 2550 ύπὸ
605 2495 660 2571 γῆν
674 2493 816 2573 λεγομένῳ
831 2492 899 2552 εἶναι
917 2494 973 2575 Oce}

169 2579 395 2658 ἀντιχαρίζεσθαι
409 2578 667 2658 κατορύσσουσαν.)

122 2671 178 2728 115
232 2667 281 2730 Ὡς
295 2667 324 2726 δέ
340 2666 396 2726 όπδ
412 2670 462 2726 τοῦ
482 2666 639 2744 Στρυμόνος
652 2666 798 2744 ἐπορεύετο
812 2666 828 2728 ό
841 2671 972 2746 στρατός,

169 2757 286 2816 ἐνθαῦτα
307 2756 377 2832 πρδς
397 2754 480 2832 ἡλίου
500 2755 627 2832 δυσμέων
648 2756 710 2814 ἐστὶ
729 2756 865 2836 αἰγιαλός,
885 2763 914 2818 ἐν
933 2764 975 2838 τῷ

168 2845 315 2921 οἰκημένην
330 2843 468 2926 Ἀργιλον
488 2843 573 2903 πόλιν
592 2843 720 2902 Ἑλλάδα
740 2844 882 2922 παρεξήῖε·
901 2847 973 2924 αὕτη

168 2933 198 2992 δέ
225 2933 271 2991 καὶ
300 2932 319 3008 ἡ
346 2931 500 3010 κατύπερθε
527 2931 628 3007 ταύτης
661 2932 791 2991 καλέεται
819 2937 973 3011 Βισαλτίη·

169 3021 295 3080 ἐνθεῦτεν
305 3021 343 3089 δέ,
355 3019 462 3080 κόλπον
472 3019 522 3080 τόν
532 3021 578 3078 ἐπὶ
593 3020 765 3096 Ποσειδηΐου
778 3021 810 3091 ἐξ
821 3021 974 3101 ειῖριστερῆς

167 3107 249 3186 χερός
263 3109 340 3186 έχων,
354 3108 397 3184 ἦῖε
414 3107 459 3166 διδ
478 3109 583 3171 Συλέος
596 3109 692 3168 πεδίου
706 3112 884 3187 καλεομένου,
901 3112 974 3177 Στό-

167 3221 260 3276 γειρον
278 3195 363 3255 πόλιν
379 3195 506 3255 Ἑλλάδα
524 3195 778 3273 παραμειβόμενος,
795 3199 840 3257 καὶ
857 3199 975 3261 ἀπίκετο

169 3287 196 3345 ἐς
203 3282 344 3344 ’Ἄκανθον
352 3282 411 3360 ἅμα
419 3282 555 3364 ἀγόμενος
562 3283 666 3344 τούτων
675 3285 794 3347 ἕκαστον
801 3291 857 3348 τῶν
865 3289 975 3359 ἐθνέων,
