2250 3552
148 149 258 215 ττ-ιττ
380 188 382 192 .
448 151 643 201 mm
672 150 674 154 ⁴
901 155 951 206 ττι

150 227 270 310 ἀγγελίη
283 231 318 296 ὥς
331 231 412 295 ἁλέες
432 233 529 308 εἴησαν
548 237 575 292 οἶ
589 233 729 309 Ἕλληνες
745 239 774 294 ἐν
787 238 826 314 τῷ
836 233 952 314 Ἰσθμῷ·

149 317 220 377 οὕτω
247 319 280 394 δη
308 319 400 380 ὀπίσω
428 320 574 398 ἐπορεύετο
598 321 644 381 διά
666 323 813 399 Δεκελέης·
848 326 875 382 οὶ
897 323 952 404 γάρ

149 407 324 488 βοιωτάρχαι
354 411 568 488 μετεπέμψαντο
598 410 662 474 τούς
689 411 872 490 προσχώρους
898 416 953 472 τῶν

148 493 306 556 Ἀσωπίων·
327 495 405 557 οὗτοι
418 498 448 556 δὲ
460 496 534 578 αύτῷ
546 497 599 574 την
612 497 678 560 όδόν
690 498 807 580 ἡγέοντο
822 504 848 562 ἐς
863 503 953 575 Σφεν-

149 583 260 648 δαλέας·
289 587 414 646 ἐνθεῦτεν
436 586 466 644 δέ
488 591 515 650 ἐς
537 586 692 668 Τανάγρην·
722 591 751 647 ἐν
764 588 901 668 εΤανάγρη
923 588 953 648 δέ

149 670 234 731 νύκτα
255 673 480 750 ἐναυλισάμενος,
506 676 551 733 καὶ
572 674 744 752 τραπόμενος
763 679 799 754 τῇ
819 674 952 758 ύστεραίη

149 763 177 821 ἐς
194 762 317 832 Σκῶλον,
340 767 369 822 ἐν
389 766 427 843 γῇ
442 767 478 842 τῇ
495 763 628 838 Θηβαίων
644 762 688 838 ἦν·
710 764 827 822 ἐνθαῦτα
848 764 878 822 δὲ
897 769 952 825 τῶν

149 850 282 924 Θηβαίων
296 850 394 928 καίπερ
407 850 576 927 μηδιζόντων
590 851 675 927 ἐκειρε
687 848 752 914 τούς
764 849 878 930 χιύρους,
893 851 953 912 ούτι

150 937 220 997 κατὰ
247 939 329 1016 ἔχθος
356 938 452 1010 αὐτῶν,
482 937 547 998 ἀλλ’
574 937 620 998 ὑπ’
647 937 798 1020 α’ναγκαίης
827 939 952 1020 μεγάλης

150 1025 291 1105 ἐχόμενος.
331 1026 508 1103 βουλόμενος
528 1025 615 1104 ἔρυμά
634 1053 666 1086 τε
685 1031 724 1106 τῷ
743 1031 854 1106 στρατῷ
874 1027 953 1104 ποιή-

149 1115 266 1187 σασθαι,
282 1116 327 1173 καὶ
340 1113 374 1190 ἢν
392 1113 574 1192 συμβαλόντι
588 1118 614 1174 οἱ
631 1115 671 1192 μη
689 1115 806 1193 ἐκβαίνῃ
820 1114 912 1174 ὁκοῖόν
925 1141 952 1175 τι

150 1203 250 1273 ἐθέλοι,
279 1203 475 1286 κρησφύγετον
501 1209 584 1264 τοῦτο
615 1205 747 1263 ἐποιέετο.
789 1207 896 1280 παρῆκε
922 1204 952 1264 δὲ

150 1290 235 1350 αύτού
258 1290 291 1351 τό
318 1291 508 1368 στρατόπεδον
534 1290 689 1369 ἀρξάμενον
715 1289 771 1351 ότι-ό
799 1290 952 1368 Ἐρυθρέων

150 1379 226 1456 παρὰ
245 1379 353 1443 Ὑσιάς·
382 1382 518 1440 κατέτεινε
539 1379 569 1438 δὲ
589 1385 616 1444 ἐς
635 1380 687 1455 τήν
709 1380 869 1438 Πλαταιίδα
888 1385 951 1460 γῆν,

149 1467 226 1544 παρὰ
245 1468 295 1527 τόν
314 1467 446 1527 Ἀσωπόν
465 1466 593 1542 ποταμόν
612 1469 789 1548 τεταγμένον·
811 1466 843 1527 ού
856 1469 951 1544 μέντοι

148 1553 184 1614 τό
201 1581 235 1635 γε
254 1557 347 1634 τεῖχος
366 1559 503 1615 τοσοῦτον
524 1556 655 1625 ἐποιέετο,
677 1554 742 1614 ἀλλ’
764 1555 799 1619 ok
819 1557 865 1615 ἐπὶ
886 1557 951 1616 δέκα

150 1643 279 1705 σταδίους
291 1642 419 1718 μάλιστά
433 1669 477 1718 κη·
481 1644 609 1719 μέτωπον
624 1643 748 1703 ἕκαστον.

190 1729 327 1809 Έχόντων
354 1731 382 1790 δὲ
410 1731 459 1790 τόν
479 1730 565 1790 πόνον
584 1735 683 1790 τοῦτον
703 1735 757 1791 τῶν
784 1732 998 1808 βαρβάρων,16

149 1819 310 1899 ἾΑτταγῖνος
330 1817 346 1878 ό
367 1817 517 1894 Φρύνωνος,
531 1817 601 1895 ἀνὴρ
622 1821 757 1894 Θηβαῖος,
775 1845 951 1895 παρασκευα-
987 1827 997 1845 ’·

149 1906 271 1983 σόμενος
290 1906 425 1986 μεγάλως,
441 1905 537 1965 ἐκάλεε
558 1907 603 1965 ἐπὶ
624 1908 709 1976 ξείνια
729 1905 812 1966 αύτόν
825 1932 855 1965 τε
872 1913 951 1983 Μαρ-

149 1994 241 2053 δόνιον
254 1994 300 2052 καὶ
312 1993 484 2069 πεντήκοντα
503 1995 635 2071 Περσέων
653 1995 717 2057 τούς
734 1993 950 2074 λογιμωτάτους·

149 2082 297 2158 κληθέντες
314 2082 344 2141 δέ
360 2079 437 2141 οὗτοι
453 2083 562 2142 ἕποντο·
583 2082 618 2158 ἦν
636 2083 665 2142 δὲ
685 2081 717 2142 τό
737 2082 847 2142 δεῖπνον
859 2083 951 2142 ποιεύ-

147 2195 233 2244 μενον
253 2175 281 2230 ἐν
300 2170 426 2249 Θήβησι.
468 2170 504 2230 ταὶ
521 2171 549 2230 δέ
570 2171 624 2248 ἤδη
644 2170 680 2232 ταὶ
699 2171 952 2248 ἐπίλοιπαῆκουον

148 2257 335 2336 Θερσάνδρου,
350 2257 447 2334 ἀνδρός
465 2261 517 2335 μὲν
535 2258 728 2338 Ὀρχομενίου,
748 2261 868 2342 λογίμου
881 2261 910 2322 δὲ
925 2266 952 2324 ἐς

147 2344 184 2406 τά
197 2348 293 2422 πρῶτα
307 2351 336 2406 ἐν
352 2344 522 2426 Ὀρχομενῷ·
544 2349 598 2423 ἔφη
617 2347 647 2406 δὲ
663 2347 678 2407 ό
695 2348 871 2426 Θέρσανδρος
885 2354 951 2427 κλη-

149 2435 231 2509 θῆναι
245 2435 291 2493 καὶ
301 2434 383 2497 αύτός
392 2433 447 2494 ύπό
457 2433 622 2516 Ἀτταγίνου
633 2435 678 2496 ἐπὶ
688 2436 720 2496 τό
735 2438 845 2497 δεῖπνον
856 2442 949 2498 τοῦτο·

149 2523 286 2598 κληθῆναι
307 2523 336 2581 δέ
359 2523 404 2581 καὶ
423 2524 555 2598 Θηβαίων
577 2521 676 2602 ἄνδρας
693 2525 873 2599 πεντήκοντα·
905 2527 954 2585 καί

149 2616 246 2685 σφεων
254 2610 287 2669 ού
296 2612 379 2689 χωρὶς
390 2613 533 2688 ἑκατέρους
542 2616 643 2682 κλῖναι,
652 2612 729 2671 ἀλλὰ
739 2613 856 2688 Πέρσην
866 2639 896 2671 τε
906 2615 951 2672 καὶ

149 2700 278 2774 Θηβαῖον
292 2705 320 2758 ἐν
334 2699 414 2777 κλίνη
428 2700 541 2780 ἑκάστη·
576 2700 611 2763 τός
624 2700 653 2759 δέ
666 2699 723 2759 άπό
742 2699 854 2759 δείπνου
867 2700 949 2774 ἦσαν,

148 2785 335 2856 διαπινόντων,
356 2786 406 2848 τόν
428 2789 544 2864 Πέρσην
569 2791 618 2849 τόν
645 2787 803 2865 ὁμόκλινον,
825 2786 951 2847 Ἐλλάδα

147 2877 287 2953 γλῶσσαν
320 2875 403 2943 ἱέντα,
432 2877 556 2953 εἴρεσθαι
585 2875 671 2936 αύτόν
700 2873 841 2938 ὁποδαπός
871 2880 949 2946 ἐστι;

149 2959 232 3024 αύτὸς
252 2961 281 3020 δέ
300 2961 504 3039 ὑποκρίνασθαι
524 2964 559 3027 οἷς
575 2966 617 3040 ε’ίη
634 2963 827 3043 Ὀρχομένιος·
854 2963 904 3024 τόν
921 2964 951 3024 δέ

150 3053 245 3109 εἰπεῖν·
260 3059 277 3085 “
286 3051 346 3109 ἐπεὶ
355 3053 405 3110 νύν
417 3051 606 3129 ὁμοτράπεζός
615 3053 647 3111 τέ
659 3078 708 3129 μοι
719 3052 765 3110 καὶ
775 3050 952 3129 ὁμόσπονδος

150 3137 252 3217 ἐγένεο,
266 3138 432 3214 μνημόσυνά
451 3166 495 3198 τοι
514 3140 625 3219 γνώμης
644 3144 694 3214 τῆς
715 3145 782 3215 ἐμῆς
803 3140 951 3198 καταλιπέ-

150 3225 219 3285 σθαι
240 3225 321 3294 θέλω,
347 3227 391 3286 ἴνα
412 3227 458 3284 καὶ
478 3225 611 3301 προειδιδς
632 3225 713 3289 αύτός
740 3227 803 3302 περὶ
830 3229 951 3286 σεωυτοῦ

150 3311 342 3386 βουλεύεσθαι
368 3315 432 3392 ἔχῃς
458 3313 494 3372 τά
516 3313 707 3388 συμφέροντα·
748 3312 815 3391 ὁρᾷς
839 3312 952 3376 τούτους
