2258 3568
146 165 257 229 ιιι-οι]
489 168 603 218 πειτα.
917 171 945 216 81

146 245 233 307 ὦυτὸς
248 247 293 302 καὶ
306 249 383 304 τοῖσι
396 247 575 324 βαρβάροισι
589 251 665 306 τοῖσι
684 251 713 307 ἐν
728 250 764 326 τῇ
778 245 873 325 Ἀσίῃ·
894 250 949 306 τῶν

144 333 201 413 γὰρ
217 332 254 391 ὧν
266 333 424 410 βαρβάρων
439 338 465 393 οἱ
477 339 594 398 πλεῦνες
614 338 652 413 τῷ
673 333 746 412 αὐτῷ
761 334 835 414 νόμῳ
848 336 948 414 χρέων-

144 447 192 480 ται
216 422 286 480 κατά
307 422 371 484 τούς
392 422 527 485 θανάτους
547 427 601 482 τῶν
620 423 775 498 βασιλέων·
794 423 876 482 ἐπειέν
893 424 948 504 γὰρ

145 507 276 587 α’ποθιίνῃ
289 510 430 586 βασιλεύς
440 511 672 586 Λακεδαιμονίων,
688 516 718 569 ἐκ
731 510 825 587 πάσης
838 512 880 570 δεῖ
891 519 947 570 Λα·

145 597 317 674 κεδαίμονος,
331 600 414 677 χωρὶς
429 601 632 676 Σπαρτιητέων,
646 598 754 678 ἀριθμῷ
771 604 825 659 τῶν
845 602 947 677 περιοί-

146 712 201 744 κων
214 685 408 766 α’ναγκαστοίς
422 692 449 749 ἐς
461 687 494 746 τό
509 687 591 762 κῆδος
605 689 682 747 ἰέναι.
723 687 827 748 τούτων
847 687 883 748 ὧν
903 690 948 748 καὶ

144 778 201 833 τῶν
222 775 355 834 εἱλωτέων
378 775 424 832 καὶ
445 774 534 834 αὐτῶν
556 776 751 852 Σπαρτιητέων
775 776 857 835 ἐπεὰν
879 781 948 835 συλ·

144 863 287 940 λεχθέωσι
309 867 336 925 ἐς
353 862 440 922 τωυτὸ
459 864 567 922 πολλοὶ
584 862 717 941 χιλιάδες,
735 863 864 945 σύμμιγα
881 869 948 942 τῇσι

144 949 255 1027 γυναιξὶ
275 949 428 1010 κόπτονταί
443 977 473 1009 τε
493 949 529 1008 πθ
546 951 662 1025 μέτωπα
679 949 826 1026 προθύμως
846 951 891 1008 καὶ
910 955 947 1010 οἰ·
979 1017 983 1026 Ι

144 1040 226 1116 μωγῇ
250 1037 430 1116 διαχρέωνται
453 1038 574 1117 ἀπλέτῳ·
603 1037 723 1114 φάμενοι
749 1037 800 1097 τᾶν
826 1039 947 1100 ὕστατον

145 1125 199 1182 αἰεὶ
212 1123 419 1205 ἀπογενόμενον
431 1131 485 1186 τῶν
498 1127 644 1202 βασιλέων
656 1130 755 1186 τοῦτον
769 1126 802 1201 δη
817 1129 948 1208 γενέσθαι

145 1209 272 1287 ἄριστον.
295 1212 328 1275 τίς
341 1214 363 1272 δ’
375 1213 408 1273 ἂν
419 1220 448 1274 ἐν
461 1215 575 1293 πολέμῳ
585 1218 640 1273 τῶν
653 1215 799 1290 βασιλέων
810 1213 946 1294 ἀποθάνῃ,

144 1299 234 1378 τούτῳ
248 1301 277 1358 δὲ
291 1302 404 1361 εἴδωλον
418 1302 604 1365 σκευάσαντες
615 1307 644 1361 ἐν
653 1303 733 1380 κλίνη
748 1302 777 1360 εὖ
788 1306 947 1384 ἐστρωμένῃ

145 1389 307 1464 ἐκφέρουσι·
331 1389 414 1449 ἐπεὰν
436 1390 464 1448 δὲ
487 1389 606 1467 θάψωσι,
627 1389 715 1470 ἅγαρὴ
738 1391 803 1450 δέκα
824 1391 946 1468 ἡμερέων

146 1475 196 1534 ούκ
211 1477 327 1536 ἵσταταί
337 1485 393 1553 σφι
408 1477 463 1537 οὐδ’
478 1477 643 1556 ἀρχαιρεσίη
660 1479 772 1548 συνίζει,
787 1479 863 1539 ἄλλα
880 1508 941 1541 πεν-

146 1565 244 1622 θέουσι
262 1565 363 1628 ταύτας
380 1566 430 1628 τοὶς
447 1565 560 1642 ἡμέρας.
604 1566 799 1642 Συμφέρονται
820 1567 849 1625 δὲ
872 1567 992 1628 ἅλλοῧ9

144 1652 208 1710 τόδε
226 1657 304 1713 τοῖσι
323 1655 464 1733 Πέρσησι.
508 1654 591 1713 ἐπεὰν
612 1652 801 1718 ἀποθανόντος
822 1661 871 1715 τοῦ
889 1659 943 1733 βα-

145 1742 243 1803 σιλέος
269 1741 358 1805 ἄλλος
382 1745 522 1818 ἐνίστηται
545 1741 693 1818 βασιλεύς,
720 1739 800 1804 οὗτος
823 1743 839 1802 ύ
864 1745 946 1804 ἐσιῶν

145 1830 289 1906 ἐλευθεροῖ
310 1830 388 1892 ὅστις
407 1857 435 1890 τι
455 1831 649 1908 Σπαρτιητέων
668 1833 706 1906 τῷ
729 1831 851 1905 βασιλέϊ
870 1831 888 1908 ἢ
908 1837 946 1912 τῷ

145 1915 271 1996 δημοσίῳ
287 1917 399 1992 ὤφειλε·
421 1925 449 1978 ἐν
467 1918 490 1977 δ’
506 1917 540 1977 αὖ
555 1919 688 1996 Πέρσησι
709 1917 724 1977 ὁ
747 1920 945 1997 κατιστάμενος

144 2005 284 2080 βασιλεύς
296 2006 345 2066 τὸν
358 2007 621 2084 προσοφειλόμενον
635 2005 725 2082 φόρον
735 2009 822 2082 μετίει
833 2008 945 2087 πάσῃσι

144 2096 211 2169 τῇσι
224 2093 335 2152 πόλισι.
375 2097 570 2170 Συμφέρονται
584 2095 613 2152 δὲ
628 2094 673 2152 καὶ
686 2093 752 2153 τάδε
766 2099 945 2176 Αἰγυπτίοισι
954 2103 991 2158 60

144 2181 367 2258 Λακεδαιμόνιοι·
390 2186 416 2242 οἱ
438 2183 550 2259 κήρυκες
573 2181 662 2240 αὐτῶν
687 2182 732 2240 καὶ
757 2182 875 2258 αὐληταὶ
900 2187 945 2244 καὶ

143 2268 272 2349 μάγειροι
286 2271 442 2330 ἐκδέκονται
455 2272 504 2334 τας
518 2271 657 2347 πατρωίας
675 2272 781 2348 τέχνας,
797 2273 842 2330 καὶ
861 2273 944 2351 αὐλη·

143 2356 191 2431 τής
204 2384 236 2416 τε
249 2358 375 2434 αὐλητέω
393 2360 505 2441 γίνεται,
521 2359 567 2416 καὶ
587 2358 719 2440 μάγειρος
735 2362 877 2440 μαγείρου,
897 2364 942 2421 καὶ

144 2443 231 2519 κήρυξ
252 2445 378 2522 κήρυκος·
401 2447 433 2506 ού
455 2447 525 2506 κατοὶ
544 2448 766 2523 λαμπροφωνίην
788 2451 943 2527 ἐπιθέμενοι

143 2530 229 2592 ἄλλοι
251 2537 344 2608 σφέας
365 2535 580 2611 παρακληίουσι,
602 2533 679 2592 οἶλλιί
697 2535 766 2594 κατα
785 2536 820 2595 τοί
842 2537 944 2614 πάτρια

143 2624 328 2682 ἐπιτελέουσι.
369 2628 456 2683 ταῦτα
470 2627 520 2699 μὲν
535 2623 568 2698 δὴ
583 2622 652 2682 οὕτω
666 2625 780 2702 γίνεται.

183 2709 253 2768 Τότε
276 2711 305 2770 δὲ
325 2712 375 2771 τὸν
390 2713 559 2787 Κλεομένεα,
577 2711 657 2770 ἐόντα
679 2716 707 2770 ἐν
727 2716 763 2789 τῇ
777 2713 876 2791 Αἰγίνη
895 2714 941 2772 καὶ
953 2717 987 2773 61

143 2797 221 2856 κοινὰ
237 2803 273 2878 τῇ
287 2799 404 2858 Ἑλλάδι
423 2799 515 2880 ἅγαθά
529 2799 799 2879 προσεργαζόμενον,
816 2799 830 2858 ὁ
846 2802 943 2878 Δημά-

140 2910 226 2960 ρητος
245 2887 370 2963 διέβαλε,
388 2888 437 2947 οὐκ
457 2889 624 2970 Αἰγινητέων
646 2886 715 2946 οὕτω
738 2887 886 2964 κηδόμενος
909 2889 944 2953 οἷς

142 2973 239 3052 φθόνῳ
252 2977 298 3035 καὶ
312 2975 367 3056 ἄγη
380 2978 542 3056 χρεώμενος.
583 2977 745 3050 Κλεομένης
759 2975 787 3034 δὲ
802 2979 944 3053 νοστήσας

141 3058 189 3118 ἀπ’
209 3065 323 3144 Αἰγίνης
346 3066 479 3141 ἐβούλευε
499 3066 548 3125 τόν
572 3062 740 3138 Δημάρητον
762 3069 870 3122 παῦσαι
892 3069 941 3138 τῆς

141 3149 307 3227 βασιληίης,
327 3153 372 3212 δια
393 3157 510 3233 πρῆγμα
531 3151 638 3211 τοιόνδε
661 3149 795 3220 ἐπίβασιν
816 3155 843 3207 ἐς
861 3149 944 3204 αύτὸν

141 3237 313 3315 ποιεύμενος·
333 3240 482 3318 Ἀρίστωνι
504 3233 687 3312 βασιλεύοντι
710 3237 737 3286 ἐν
761 3231 884 3325 Σποὶρτῃ1
898 3233 943 3328 καί

141 3323 265 3403 γήμαντι
284 3333 415 3407 γυναῖκας
437 3325 485 3384 δύο
507 3322 602 3380 παῖδες
621 3313 670 3372 ⁰13¹<
691 3314 822 3390 ἐγίνοντο·
845 3325 890 3366 Καὶ
912 3333 944 3366 ⁰¹²
