2258 3568
178 102 209 149 τι
486 99 668 148 Ἠνοιοοου
933 101 982 167 [ν.

178 180 304 239 ε’πείθετο
317 179 366 237 καί
376 203 425 255 μιν
439 175 521 250 ἀπίει,
544 175 735 254 ἐντειλάμενος
751 177 834 238 ε’πεοὶν
847 178 883 238 τό
895 179 984 240 ύπέσ-

180 268 247 347 χετό
264 271 290 326 οἱ
308 268 438 326 ἐπιτελέα
454 265 571 344 ποιήσῃ,
589 267 796 347 παραγίνεσθαί
807 271 834 327 οἶ
849 267 941 328 ὀπίσω
956 276 985 334 ές

178 356 214 415 τὰ
228 359 333 420 Σοῦσα.

133 447 190 504 108
231 443 280 504 Ἐν
304 441 325 524 ᾧ
348 444 378 502 δὲ
401 442 520 524 α’γγελίη
541 469 572 502 τε
593 443 657 518 περὶ
680 446 734 502 τῶν
759 444 882 520 Σαρδίων
905 447 984 523 παρὰ

178 533 305 608 βασιλέα
315 531 400 608 α’νὴῖε,
415 531 461 589 καὶ
472 535 590 608 Δαρεῖος
602 530 638 590 τοὶ
651 531 715 608 περὶ
724 531 757 590 τό
767 532 849 602 τόξον
859 534 984 610 ποιήσας

178 619 301 700 Ἱστιαίῳ
322 626 349 683 ε’ς
370 620 473 700 λόγους
491 617 570 696 ἦλθε,
589 621 635 678 καὶ
653 619 785 683 Ἱστιαῖος
800 624 984 699 μεμετιμένος

179 707 235 768 ύπὸ
264 710 383 786 Δαρείου
411 709 552 785 ἐκομίζετο
576 709 622 768 ε’πὶ
645 707 806 769 θάλασσαν·
839 715 868 770 ε’ν
894 711 984 792 τούτῳ

178 798 262 857 παντὶ
274 801 313 876 τῷ
325 797 416 876 χρόνῳ
431 798 536 878 ε’γίνετο
549 796 623 856 τόδε·
637 799 830 874 πολιορκέοντι
841 803 879 878 τῷ
889 801 983 862 Σαλα-

178 887 259 965 μινίῳ
277 885 423 966 Ὀνησίλῳ
441 885 648 963 Ἀμαθουσίους
669 887 876 966 ἐξαγγέλλεται,
899 891 984 964 νηυσὶ

180 974 315 1050 στρατιὴν
325 975 439 1050 πολλὴν
453 974 557 1054 ἄγοντα
568 974 712 1050 Περσικὴν
722 973 881 1051 Ἀρτύβιον,
896 975 983 1052 ἄνδρα

180 1064 304 1140 Πέρσην,
326 1063 519 1140 προσδόκιμον
540 1067 568 1125 ές
587 1063 638 1138 πὴν
660 1062 777 1139 Κύπρον
794 1063 872 1123 εἶναι·
897 1065 983 1124 πυθό·

178 1178 261 1229 μενος
282 1153 417 1212 δὲταῦτα
440 1151 455 1211 ό
477 1151 637 1226 Ὀνήσιλος,
661 1151 779 1226 κήρυκας
801 1151 933 1228 διέπεμπε
954 1158 982 1216 ἐς

179 1240 231 1315 τὴν
248 1239 354 1314 Ἰωνίην
372 1238 587 1315 ε’πικαλεύμενός
605 1246 706 1315 σφεας·
727 1238 818 1302 Ἴωνες
836 1240 865 1298 δὲ
886 1239 935 1299 ούκ
953 1246 981 1304 ές

178 1329 288 1406 μακρὴν
298 1327 525 1404 βουλευσόμενοι
535 1325 604 1403 ἧκον
615 1331 714 1406 πολλῷ
724 1327 829 1407 στόλῳ.
853 1327 940 1392 Ἰωνές
949 1355 980 1388 τε

179 1417 213 1492 δὴ
233 1421 366 1493 παρῆσαν
388 1421 414 1478 ές
434 1417 486 1491 τήν
507 1417 630 1492 Κύπρον,
653 1416 699 1474 καὶ
719 1419 746 1474 οἱ
767 1417 878 1492 Πέρσαι
898 1423 982 1496 νηυσὶ

179 1504 326 1580 διαβάντες
344 1511 373 1563 ἐκ
392 1508 442 1580 τῆς
460 1507 589 1581 Κιλικίης
606 1505 690 1581 ἡῖσαν
708 1505 754 1562 ε’πὶ
766 1505 818 1580 τὴν
833 1507 980 1582 Σαλαμῖνα

179 1595 257 1672 πεζῇ·
286 1597 354 1672 τῇσι
376 1593 405 1651 δὲ
432 1595 515 1668 νηυσὶ
537 1598 563 1652 οἱ
585 1595 708 1656 Φοίνικες
735 1593 908 1670 περιέπλωον
928 1593 980 1668 τὴν

132 1684 188 1741 109
199 1680 286 1759 ἄκρην
300 1682 329 1740 αἳ
342 1685 490 1740 καλεῦνται
504 1683 624 1757 Κληΐδες
641 1685 690 1757 τῆς
707 1681 832 1758 Κύπρου.
874 1679 980 1740 Τούτου

179 1769 208 1828 δέ
215 1770 341 1830 τοιούτου
351 1771 506 1852 γινομένου,
519 1771 615 1840 ἔλεξαν
629 1774 655 1829 οἱ
665 1769 793 1846 τύραννοι
802 1773 852 1844 τῆς
863 1769 979 1846 Κύπρου

179 1861 406 1940 συγκαλέσαντες
418 1863 472 1918 τῶν
485 1857 583 1918 Ἰώνων
592 1859 657 1921 τούς
667 1856 850 1938 στρατηγούς·
865 1856 979 1936 “ἅνδρες

173 1945 273 2019 Ἴωνες,
288 1949 396 2025 αἵρεσιν
409 1947 475 2024 ύμῖν
489 1947 599 2023 διδομεν
609 1947 688 2023 ἡμεῖς
702 1950 728 2006 οἱ
742 1945 872 2023 Κύπριοι,
886 1945 978 2006 ὁκοτέ-

177 2063 254 2112 ροισι
266 2037 411 2112 βούλεσθε
425 2036 648 2112 προσφέρεσθαι,
662 2034 680 2110 ἢ
693 2036 825 2113 Πέρσησι
835 2033 853 2110 ἢ
863 2035 978 2106 Φοίνιξι·

179 2130 202 2184 εἰ
217 2129 269 2202 μέν
285 2125 339 2205 γὰρ
356 2126 427 2202 πεζῇ
443 2123 587 2198 βούλεσθε
602 2126 750 2202 ταχθέντες
769 2125 902 2200 Περσέων
922 2123 979 2183 δια-

177 2216 337 2291 πειρᾶσθαι,
360 2213 416 2290 ὧρη
437 2211 471 2272 ἂν
493 2214 534 2289 εἴη
554 2213 619 2290 ύμῖν
642 2213 779 2288 ἐκβάντας
796 2219 825 2272 ε’κ
843 2217 897 2272 τῶν
911 2219 980 2275 νεῶν

177 2302 337 2362 τάσσεσθαι
356 2304 434 2380 πεζῇ,
449 2301 536 2377 ἡμέας
550 2303 579 2361 δὲ
593 2308 620 2366 ές
632 2302 682 2364 τὰς
695 2302 758 2364 νέας
774 2303 917 2378 ἐμβαίνειν
929 2303 980 2368 τὰς

176 2390 308 2468 ύμετέρας
329 2391 434 2459 Φοίνιξι
452 2389 726 2472 ἀνταγωνιευμένους·
750 2395 773 2449 εἰ
794 2389 824 2448 δὲ
846 2393 980 2453 Φοινίκων

176 2483 291 2555 μᾶλλον
305 2477 450 2555 βούλεσθε
468 2479 673 2556 διαπειρᾶσθαι,
695 2479 798 2538 ποιέειν
814 2479 897 2558 χρεόν
918 2485 980 2540 ε’στι

177 2567 269 2643 ύμέας,
285 2567 412 2647 (ὁκότερα
430 2566 464 2626 ἂν
478 2567 512 2643 δὴ
531 2567 635 2627 τούτων
649 2567 775 2648 ἔλησθε,)
791 2567 859 2630 ὅκως
872 2567 905 2626 τό
920 2569 979 2626 κατ’

177 2656 262 2732 ύμέας
285 2658 363 2716 ἔσται
380 2655 399 2731 ἡ
419 2682 450 2715 τε
471 2655 560 2731 Ἰωνίη
582 2657 627 2715 καὶ
648 2655 663 2714 ό
686 2656 800 2733 Κύπρος
822 2655 979 2734 έλευθέρη.”

177 2745 257 2805 εἶπαν
273 2745 322 2827 [οἱ]
338 2743 430 2808 Ἴωνες
448 2745 518 2821 πρός
534 2749 631 2816 ταῦτα.
654 2755 671 2780 “
679 2744 766 2820 ἡμέας
780 2744 928 2822 ἀπέπεμψε
945 2744 978 2805 τό

179 2833 271 2894 κοινόν
288 2838 342 2892 τῶν
357 2832 455 2893 Ἰώνων
469 2833 646 2908 φυλάξοντας
661 2833 713 2909 τὴν
733 2833 893 2902 θάλασσαν,
913 2831 979 2890 ἀλλ’

177 2923 226 2982 οὐκ
244 2923 288 2981 ἵνα
307 2923 460 2997 Κυπρίοισι
478 2922 528 2984 τός
545 2923 608 2985 νέας
626 2921 795 2998 παραδόντες
812 2921 891 2980 αύτοὶ
906 2922 978 2997 Πέρ-

178 3037 249 3089 σησι
259 3013 329 3089 πεζῇ
340 3011 576 3087 προσφερώμεθα.
593 3010 673 3086 ἡμεῖς
682 3011 734 3086 μέν
744 3037 791 3069 νυν
802 3009 844 3068 ἐπ’
856 3007 887 3068 οὗ
899 3010 977 3087 έτιίχ-

177 3100 272 3174 θημεν,
289 3099 375 3176 ταύτῃ
392 3098 584 3173 πειρησόμεθα
601 3098 669 3156 εἶναι
687 3099 817 3175 χρηστοί.
842 3098 928 3174 ύμέας
949 3098 979 3156 δὲ

176 3184 260 3264 χρεόν
274 3184 335 3245 έστι
350 3186 576 3261 ἀναμνησθέντας
590 3186 635 3243 οἶα
649 3185 788 3262 έπιίσχετε
801 3185 979 3248 δουλεύοντες

131 3276 188 3334 110
196 3271 266 3349 πρός
279 3276 334 3332 τῶν
345 3271 449 3345 Μήδων
459 3272 587 3350 γίνεσθαι
601 3271 701 3348 ἄνδρας
715 3271 861 3352 ἅγαθούς.”
886 3271 978 3336 Ἴωνες
