2282 3550
169 159 278 225 ιο-ιι]
491 159 644 208 οττκυικ.
925 155 972 204 ιιι

167 239 247 302 Ἐπεὶ
274 241 304 300 δὲ
324 237 438 318 περιϊών
459 239 557 316 εἰρώτα
584 239 599 298 ὁ
627 237 793 316 Μαρδόνιος,
818 236 972 315 ἀρξάμενος
982 241 1020 297 68

168 329 223 390 ἀπά
236 333 287 389 τοῦ
301 328 441 398 Σιδωνίου,
456 329 547 404 οἱμὲν
562 325 649 386 ἄλλοι
665 325 736 386 κατά
755 325 843 386 τώυτά
859 325 973 406 γνώμην

168 418 332 496 ἐξεφέροντο
355 417 512 480 κελεύοντες
530 416 688 496 ναυμαχίην
705 417 858 489 ποιέεσθαι,
878 415 972 492 Ἀρτε-

166 507 250 582 μισίη
263 506 371 564 δὲτάδε
386 506 450 580 ἔφη·
472 516 489 542 “
498 509 584 565 εἰπεῖν
596 531 647 582 μοι
659 505 730 582 πρὸς
742 506 876 580 βασιλέα,
892 511 970 580 Map-

167 593 248 665 δόνιε,
263 594 299 658 ώς
317 593 370 675 ἐγώ
387 593 453 653 τώδε
473 595 556 674 λέγω·
579 593 642 654 ούτε
665 594 800 669 κακίστην
821 595 972 674 γενομένην

167 687 198 740 έν
216 687 284 760 τῇσι
308 683 480 760 ναυμαχίῃσι
500 687 568 761 τῇσι
590 682 661 759 πράς
681 680 801 760 Εὐβοίῃ,
823 679 886 740 οὔτε
909 682 971 741 ε’λά·

165 795 255 848 χιστα
268 770 484 846 ἀποδεξαμένην,
498 771 631 840 δέσποτα,
645 768 728 845 τήνδε
745 773 847 829 έοῦσαν
859 769 971 850 γνώμην

165 883 203 934 με
219 857 324 919 δίκαιόν
340 863 417 918 ε’στιν
433 858 707 928 ἀποδείκνυσθαι,τά
725 857 853 938 τυγχάνω
872 860 970 935 φρονέ-

167 971 241 1005 ουσα
263 944 367 1023 ἄριστα
394 951 421 1010 ές
447 947 599 1028 πρήγματα
622 947 659 1006 τά
682 947 731 1005 σά.
773 947 822 1005 καί
841 973 886 1006 τοι
906 947 971 1006 τάδε

166 1034 251 1114 λέγω·
280 1035 375 1110 φείδεο
392 1039 448 1096 τών
466 1039 545 1112 νηῶν,
562 1036 632 1111 μηδὲ
651 1035 807 1114 ναυμαχίην
824 1037 913 1095 ποιέο·
945 1040 972 1096 οἱ

165 1121 221 1200 γάρ
235 1121 330 1200 ἀνδρες
342 1127 398 1183 τῶν
414 1127 472 1182 σῶν
491 1121 598 1200 ἀνδρῶν
614 1125 765 1200 κρέσσονες
782 1125 902 1183 τοσοῦτό
917 1128 972 1184 εἱσι

167 1210 238 1269 κατά
252 1211 412 1282 θάλασσαν,
427 1211 497 1271 ὅσον
512 1211 608 1288 ἀνδρες
625 1215 770 1292 γυναικῶν.
811 1213 841 1271 τί
858 1213 888 1272 δὲ
904 1212 971 1273 παίν-

166 1323 219 1360 τιυς
243 1298 296 1358 δέει
320 1325 355 1358 σε
376 1301 548 1378 ναυμαχίῃσι
569 1299 801 1369 ἀνακινδυνεύειν;
830 1299 879 1360 ούκ
901 1303 971 1380 ἔχεις

166 1385 218 1461 μέν
240 1386 289 1450 τάς
311 1387 433 1463 Ἀθήνας
451 1392 558 1463 τώνπερ
580 1388 669 1446 εἵνεκα
692 1387 821 1465 ώρριήθης
840 1390 970 1466 στρατεύ-

168 1475 258 1544 εσθαι,
274 1475 344 1553 ἔχεις
363 1476 392 1534 δὲ
405 1475 457 1550 τήν
470 1475 563 1552 ἀλλην
575 1475 719 1544 Ἑλλάδα;
742 1477 868 1554 ἐμποδών
882 1478 913 1538 δέ
926 1505 970 1539 τοι

168 1561 280 1621 ἵσταται
302 1563 399 1626 ούδείς·
435 1563 461 1622 οἳ
483 1562 505 1622 δ’
530 1565 569 1623 ἔτι
593 1563 777 1641 ἀντέστησαν,
801 1565 970 1642 ἀπήλλαξαν

168 1649 238 1708 οὕτω
255 1650 290 1714 ώς
307 1652 410 1714 κείνους
429 1653 539 1728 ἔπρεπε.
581 1679 617 1731 τῃ
633 1653 662 1712 δὲ
679 1652 732 1734 ε’γώ
755 1653 838 1714 δοκέω
860 1654 970 1730 ἀποβή-

167 1739 271 1798 σεσθαι
304 1739 340 1798 τά
375 1743 431 1799 τών
465 1739 657 1817 ἀντιπολέμων
692 1741 852 1823 πρήγματα,
879 1747 970 1803 ,τοῦτο

168 1825 279 1902 φράσω·
303 1825 338 1902 ἦν
356 1830 407 1904 μὲν
424 1828 464 1905 μή
481 1829 613 1908 ἐπειχθῇς
628 1831 784 1909 ναυμαχίην
800 1829 969 1906 ποιεύμενος,

167 1911 245 1972 ἀλλά
264 1915 315 1977 τάς
335 1919 403 1990 νῆας
424 1915 508 1974 αὐτοῦ
530 1917 595 1994 έχῃς
617 1917 687 1994 πρὸς
708 1943 746 1998 γῃ
767 1917 863 1994 μένων,
885 1915 903 1992 ἢ
925 1920 969 1976 καὶ

168 2002 328 2077 προβαίνων
355 2009 381 2066 ές
410 2003 462 2078 τήν
497 2004 726 2080 Πελοπόννησον,
755 2005 886 2068 εὐπετέως
916 2032 968 2075 τοι,

167 2089 300 2159 δέσποτα,
319 2090 442 2170 χωρήσει
460 2091 496 2151 τά
511 2093 595 2152 νοέων
611 2092 759 2167 ἐλήλυθας·
795 2092 826 2152 ού
845 2094 899 2174 γάρ
917 2094 970 2157 οἶοί

167 2203 198 2236 τε
221 2178 334 2239 πολλδν
356 2179 458 2258 χρόνον
483 2182 540 2240 εἰσί
561 2206 605 2240 τοι
629 2179 754 2260 ἀντέχειν
778 2185 805 2242 οἱ
821 2181 968 2258 Ἕλληνες,

167 2263 245 2325 α’λλά
271 2274 363 2344 σφεας
390 2267 546 2348 διασκεδᾷς·
589 2267 659 2328 κατά
688 2269 772 2334 πόλις
799 2271 828 2329 δὲ
856 2271 970 2333 ἔκαστοι

168 2353 326 2428 φεύξονται·
355 2354 418 2414 οὔτε
434 2355 488 2435 γάρ
505 2360 584 2420 σῖτος
601 2355 677 2434 πάρα
694 2359 781 2433 σφίσι
797 2364 826 2419 ἐν
841 2363 877 2438 τῇ
893 2360 970 2441 νήσιρ

166 2441 261 2522 ταύτῃ,
277 2443 312 2506 ώς
325 2444 379 2524 ε’γώ
397 2444 579 2522 πυνθάνομαι,
594 2444 657 2504 οὔτε
674 2445 774 2510 αὐτούς
788 2447 869 2517 οἶκάς,
884 2446 919 2523 ἢν
932 2455 969 2509 σὺ

168 2530 214 2588 ε’πὶ
226 2531 278 2606 τήν
296 2532 519 2608 Πελοπόννησον
537 2533 654 2612 ἐλαύνῃς
671 2534 721 2594 τάν
737 2536 821 2607 πεζὸν
839 2537 969 2613 στρατὸν,

167 2616 306 2695 ἀτρεμιεῖν
332 2619 397 2682 τούς
421 2622 524 2680 ε’κεῖθεν
546 2621 635 2681 αύτῶν
661 2622 787 2698 ἥκοντας·
831 2623 894 2681 ούδέ
913 2631 969 2698 σφι

166 2706 288 2781 μελήσει
314 2707 369 2785 πρά
399 2711 454 2767 τῶν
482 2707 636 2784 Ἀθηναίων
663 2712 837 2789 ναυμαχέειν.
878 2709 912 2785 ἢν
940 2711 969 2770 δὲ

167 2791 266 2852 αὐτίκα
280 2797 412 2874 ἐπειχθῇς
425 2801 614 2875 ναυμαχῆσαι,
626 2799 754 2874 δειμαίνω
767 2800 807 2875 μή
819 2798 969 2862 ὁναυτικός

167 2883 289 2956 στρατός
302 2885 433 2946 κακωθεὶς
447 2885 496 2944 τάν
510 2885 595 2955 πεζόν
613 2886 858 2962 προσδηλήσηται.
900 2887 970 2964 πράς

167 2970 205 3039 δὲ,
224 2969 245 3028 ὦ
262 2973 396 3047 βασιλεῦ,
415 2974 460 3030 καὶ
481 2973 545 3033 τόδε
565 2977 591 3036 ές
613 2975 701 3051 θυμάν
717 2977 819 3050 βαλεῦ,
838 2973 873 3038 οἷς
892 2985 969 3035 τοῖσι

166 3060 219 3132 μὲν
232 3063 385 3136 χρηστοῖσι
398 3065 453 3119 τών
466 3060 616 3138 ἀνθρώπων
633 3063 712 3121 κακοὶ
726 3063 823 3122 δοῦλοι
836 3064 969 3138 φιλέουσι

166 3145 304 3226 γίνεσθαι,
326 3152 402 3207 τοῖσι
424 3148 453 3206 δὲ
476 3152 588 3206 κακοῖσι
609 3152 739 3226 χρηστοί·
774 3150 822 3208 σοὶ
844 3151 873 3208 δὲ
897 3150 968 3208 ε’ύντι

167 3231 273 3314 ἀρίστῳ
299 3234 405 3312 ἀνδρῶν
430 3235 540 3294 πάντων
568 3237 647 3292 κακοὶ
674 3235 772 3294 δοῦλοί
795 3239 859 3305 εἶσι,
886 3236 912 3294 οἳ
940 3241 969 3292 ἐν

168 3321 325 3400 συμμάχων
340 3321 416 3401 λόγῳ
431 3322 561 3400 λέγονται
575 3320 652 3389 εἶναι,
668 3321 756 3384 ἐόντες
777 3323 925 3401 Αἰγύπτιοί
938 3346 968 3379 τε
