2258 3568
171 153 203 200 τι
483 149 666 200 ωνοιοτοπ
926 150 973 216 [V.

169 229 347 309 στασιώτῃσι
360 228 411 292 τάς
424 229 512 308 οἷρχάς
532 232 685 309 ἐνεχείριζε.
715 229 929 306 ἀντισταθείσης
943 233 973 292 δέ

169 323 220 393 τῆς
243 320 354 394 βουλῆς
381 318 427 375 καὶ
454 317 486 377 οὔ
510 319 688 395 βουλομένης
715 319 871 388 πείθεσθαι,
896 319 913 379 ὅ
941 347 973 380 τε

171 408 334 483 Κλεομένης
354 407 399 465 καὶ
417 406 433 466 ό
450 406 600 488 Ἰσαγόρης
617 407 663 466 καὶ
677 411 703 466 οἱ
714 412 871 466 στασιῶται
887 407 973 469 αι’ποῦ

170 495 423 573 καταλαμβάνουσι
447 496 498 572 τήν
521 496 685 573 άκρόπολιν·
716 495 869 572 Ἀθηναίων
893 497 922 556 δὲ
943 497 971 557 οἶ

171 585 277 656 λοιποὶ,
299 585 334 644 τά
354 583 424 644 αὐτοὶ
449 584 641 662 φρονήσαντες
665 584 846 660 ἐπολιόρκεον
873 584 972 650 αὐτοῦς

169 671 275 750 ἡμέρας
302 673 360 733 δύο·
389 677 425 752 τῇ
453 673 482 732 δέ
508 675 587 752 τρίτη
612 673 787 732 όπόσπονδοι
813 673 973 752 ἐξέρχονται

170 766 200 820 ἐκ
232 767 282 838 τῆς
313 762 405 841 χώρης
435 761 499 821 ὅσοι
529 761 604 837 ἦσαν
632 760 722 820 αὐτῶν
749 761 971 837 Λακεδαιμόνιοι.

169 852 331 911 ἐπετελέετο
345 851 374 909 δέ
392 855 431 929 τῷ
447 849 634 927 Κλεομένεῖή
649 849 740 926 φήμη·
763 849 798 912 οἷς
810 848 867 930 γάρ
882 848 972 928 άνέβη
1027 849 1029 852 ’

170 943 197 1000 ἐς
210 939 262 1014 τήν
276 939 430 1015 ἀκρόπολιν
442 940 555 1016 μέλλων
569 938 603 1014 δή
617 937 705 1014 αὐτὴν
716 937 918 1016 κατασχήσειν,
929 938 973 1015 ἤϊε

170 1031 197 1089 ἐς
217 1027 250 1086 τό
271 1026 371 1087 άδυτον
391 1031 441 1104 τῆς
465 1028 529 1087 θεοῦ
553 1027 588 1090 ὦς
608 1028 777 1104 προσερέων·
805 1026 824 1102 ἡ
845 1027 874 1085 δέ
897 1029 972 1105 ίρηίη

169 1115 350 1184 ἐξαναστᾶσα
366 1122 396 1176 ἐκ
412 1120 463 1175 τοῦ
481 1115 581 1192 θρόνου
598 1116 664 1192 πρὶν
680 1113 698 1190 ἢ
714 1114 764 1178 τάς
784 1113 869 1191 θήρας
879 1115 973 1176 ἀὐτόν

168 1203 295 1282 α’μεῖψαι,
318 1205 387 1264 εἶπε·
409 1204 430 1264 ὦ
451 1206 523 1274 ξεῖνε
544 1203 752 1279 Λακεδαιμόνιε,
768 1203 855 1263 πάλιν
876 1203 982 1282 χώρεα·

167 1293 230 1368 μηδ’
253 1295 327 1353 ἔσιθι
355 1293 382 1356 ἐς
409 1292 442 1353 τό
470 1292 538 1368 ἱρόν·
561 1291 594 1350 οὐ
615 1291 670 1373 γάρ
697 1291 811 1368 θεμιτόν
833 1297 973 1369 Δωριεῦσι

168 1383 296 1457 παριέναι
315 1380 459 1441 honora?
488 1380 504 1440 ό
526 1381 555 1440 δέ
575 1381 643 1439 εἶπε·
658 1427 659 1432 ,
672 1379 720 1438 “‹f›
741 1379 831 1460 γύναι,
852 1380 918 1440 ἀλλ’
940 1383 972 1440 οὗ

171 1469 292 1546 Δωριεύς
312 1474 367 1546 εἶμι
385 1469 450 1528 ἀλλ’
464 1468 604 1548 Ἀχαιός.”
645 1470 661 1530 ό
680 1472 730 1546 μέν
745 1468 778 1544 δή
792 1474 827 1546 τῇ
843 1469 973 1545 κλεηδόνι

169 1556 247 1616 οὐδὲν
280 1557 443 1636 χρεώμενος,
471 1556 638 1636 ἐπεχείρησέ
665 1583 696 1617 τε
721 1558 767 1616 καὶ
793 1557 857 1616 τότε
886 1557 973 1618 πάλιν

170 1645 299 1714 ἐξέπιπτε
318 1646 389 1724 μετά
410 1650 464 1706 τῶν
483 1647 716 1723 Λακεδαιμονίων·
738 1646 802 1708 τούς
821 1646 850 1704 δέ
868 1644 974 1710 άλλους

170 1733 313 1808 Ἀθηναῖοι
332 1734 487 1810 κατέδησαν
504 1734 556 1809 τήν
570 1734 615 1793 ἐπὶ
634 1733 751 1812 θανάτῳ·
775 1733 803 1794 ἐν
818 1735 847 1794 δὲ
862 1733 973 1794 αὖτοῖσι

171 1823 216 1880 καὶ
230 1823 402 1898 Τιμησίθεον
415 1822 466 1882 τόν
481 1822 607 1898 Δελφόν,
621 1827 671 1882 τοῦ
687 1824 755 1902 ἔργα
767 1825 869 1900 χειρῶν
882 1849 913 1882 τε
928 1824 973 1882 καὶ

169 1911 295 1986 λήματος
316 1910 403 1990 ἔχοιμ’
423 1909 456 1970 ἂν
477 1912 599 1992 μέγιστα
623 1912 783 1980 καταλέξαι.
825 1909 901 1970 οὗτοι
922 1913 974 1987 μέν

123 2001 160 2059 73
171 2025 218 2058 νυν
229 2000 367 2076 δεδεμένοι
379 1999 573 2076 ἐτελεύτησαν.
602 1999 746 2074 Ἀθηναῖοι
760 1999 790 2058 δὲ
802 1999 873 2076 μετά
886 2005 974 2059 ταῦτα

171 2089 345 2148 Κλεισθένεα
364 2090 410 2147 καὶ
423 2088 459 2147 τά
473 2087 628 2148 ἑπτακόσια
645 2088 758 2147 ἐπίστια
771 2088 807 2147 τά
821 2087 974 2166 διωχθέντα

169 2174 223 2234 Ιὑπὸ
244 2178 420 2252 Κλεομένεος
441 2175 698 2254 μεταπεμψάμενοι,
720 2176 865 2252 πέμπουσι
890 2175 972 2257 άγηέ-

170 2266 238 2325 λους
259 2268 286 2326 ἐς
300 2263 401 2339 Σάρδις
422 2265 587 2342 συμμαχίην
605 2263 777 2340 βουλόμενοι
797 2263 974 2340 ποιήσασθαι

170 2352 240 2428 πρός
261 2353 384 2428 Πέρσας·
412 2352 568 2428 ἠπιστέατο
586 2352 641 2433 γάρ
661 2359 717 2428 σφι
738 2352 974 2428 λακεδαιμονίους

170 2465 201 2499 τε
222 2440 267 2498 καὶ
284 2442 447 2516 Κλεομένεα
469 2442 729 2518 ἐκπεπολεμῶσθαι·
748 2439 923 2516 άπικομένων
945 2440 974 2499 δέ

170 2532 226 2587 τῶν
244 2528 372 2609 ἀγγέλων
386 2535 413 2592 ἐς
432 2527 482 2592 τάς
504 2529 604 2605 Σάρδις
625 2530 671 2587 καὶ
692 2528 832 2609 λεγόντων
850 2528 886 2588 τά
903 2533 973 2588 ἐντε·

171 2617 304 2693 ταλμένα,
317 2616 508 2694 Ἀρταφέρνης
522 2617 537 2676 ό
551 2617 737 2686 Ὑστάσπεος,
753 2617 876 2694 Σαρδίων
889 2616 975 2694 ὕπαρ-

171 2731 230 2783 χος,
256 2705 389 2782 ἐπειρώτα
410 2707 481 2768 τίνες
508 2705 598 2768 ἐόντες
622 2705 763 2782 ἅνθρωποι
791 2707 835 2764 καὶ
858 2731 898 2781 πη
922 2709 975 2786 γῆς

172 2794 312 2869 οἰκημένοι
325 2794 434 2852 δεοίατο
449 2792 582 2870 Περσέων
595 2793 743 2871 σύμμαχοι
756 2795 905 2874 γενέσθαι;
925 2821 974 2853 πυ-

172 2880 289 2956 θόμενος
316 2881 345 2940 δὲ
372 2881 442 2957 πρός
465 2885 520 2940 τῶν
547 2881 683 2962 ἀγγέλων,
709 2881 889 2957 ἀπεκορύφου
918 2889 974 2954 σφι

171 2969 246 3028 τάδε·
268 2973 291 3028 εἰ
312 2973 363 3046 μὲν
377 2969 486 3027 διδοῦσι
504 2969 626 3044 βασιλέϊ
640 2970 749 3048 Δαρείῳ
762 2968 908 3046 Ἀθηναῖοι
921 2974 975 3050 γῆν

172 3083 203 3116 τε
217 3058 262 3115 καὶ
276 3056 356 3132 ὕδωρ,
371 3056 386 3115 ὁ
407 3057 437 3115 δὲ
457 3058 623 3134 συμμαχίην
644 3064 700 3132 σφι
721 3060 893 3118 συνετίθετο·
908 3059 975 3117 εἰδὲ

172 3143 212 3221 μή
234 3145 350 3217 διδοῦσι,
373 3143 617 3204 ἀπαλλάσσεσθαι
639 3143 737 3209 αὐτοῦς
756 3147 874 3206 ἐκέλευε·
900 3149 926 3205 οἱ
945 3146 975 3206 δὲ

172 3231 289 3313 ἄγγελοι
308 3233 353 3291 ἐπὶ
374 3234 471 3308 σφέων
489 3232 579 3291 αὐτῶν
597 3233 755 3309 βαλόμενοι
782 3235 887 3294 διδόναι
908 3235 974 3309 ἐφα-

172 3346 236 3388 σαν,
247 3319 419 3396 βουλόμενοι
435 3323 487 3395 τήν
503 3320 668 3398 συμμαχίην
682 3320 868 3397 ποιήσασθαι.
897 3319 974 3381 οὗτοι
