2258 3568
186 170 217 216 ιο
488 168 666 218 Ἧτοιοτοτ
938 168 984 233 [V.

185 247 309 328 άμαχητὶ
331 248 390 331 εἶχε
411 250 447 311 τά
470 277 523 326 περ
550 251 638 326 ἔλαβε
664 248 741 325 παρὰ
764 249 986 328 Πεισιστράτου·

185 338 339 415 ἐπολέμεον
351 339 407 421 γὰρ
422 339 451 398 ἑκ
465 365 495 399 τε
508 337 676 417 Ἀχιλληίου
696 334 796 400 πόλιος
816 336 986 415 ὁρμειίμενοι

186 426 231 484 καὶ
245 427 356 508 Σιγείου
376 428 422 486 ἐπὶ
439 426 542 506 χρόνον
562 425 668 506 συχνὸν
681 427 871 499 Μυτιληναῖοί
887 452 918 485 τε
939 428 986 486 καὶ

184 512 338 590 Ἀθηναῖοι·
360 518 387 575 οἱ
399 518 451 592 μὲν
464 515 640 576 ἀπαιτέοντες
653 512 705 588 τήν
717 511 820 590 χώρην·
841 511 986 590 Ἀθηναῖοι

202 604 215 660 ἑ
231 601 293 662 οὔτε
306 603 571 685 συγγινωσκόμενοι,
586 599 792 662 ἀποδεικνύντες
805 627 836 660 τε
850 600 925 682 λόγῳ
940 602 985 662 οὗ·

185 690 231 750 δὲν
250 695 364 768 μᾶλλον
377 696 512 751 Αἰολεῦσι
533 690 632 768 μετεὸν
649 693 700 764 τῆς
712 687 832 752 Ἰλιάδος
852 689 986 768 χάρης,ἢ

184 778 216 838 οὗ
238 779 283 838 καὶ
304 780 360 856 σφὶ
382 781 427 839 καὶ
447 783 523 839 τοῖσι
544 778 662 837 άλλοισι
682 776 746 837 ὅσοι
758 775 903 853 Ἑλλήνων
919 805 985 839 συν-

139 869 175 925 95
185 867 341 942 επρήξαντο
354 869 486 947 Μενέλεῳ
499 867 549 930 τὰς
562 866 677 942 Ἑλένης
690 863 825 946 ὅρπαγάς.
856 869 984 942 Πολεμε-

184 954 269 1015 όντων
283 955 314 1014 δέ
331 962 435 1031 σφεων,
449 960 569 1016 παντοῖα
590 955 636 1013 καὶ
654 952 731 1012 ὅλλα
752 953 860 1033 ἐγένετο
875 959 904 1013 ἐν
916 960 984 1032 τῇσι

183 1042 304 1123 μάχῃσι·
326 1051 355 1105 ἑν
368 1045 397 1103 δέ
410 1045 444 1121 δή
459 1045 505 1103 καὶ
517 1043 649 1106 Ἀλκαῖος
662 1042 678 1103 ὅ
692 1040 816 1117 ποιητής,
831 1045 984 1119 συμβολῆς

183 1135 332 1213 γενομένης
354 1134 399 1192 καὶ
420 1132 554 1193 νικώντων
566 1131 727 1207 Ἀθηναίων,
748 1129 830 1193 αὐτάς
846 1132 898 1207 μὲν
917 1133 982 1208 φεά

182 1246 238 1300 γων
257 1222 393 1302 ἐκφεύγει,
408 1220 444 1280 τά
458 1220 490 1279 δέ
502 1223 528 1279 οἱ
543 1218 619 1279 ὅπλα
639 1219 756 1297 ἴσχουσι
771 1217 921 1293 Ἀθηναῖοι,
936 1222 984 1281 καί

184 1315 262 1383 σφεα
276 1309 470 1385 ἀνεκρέμασαν
483 1307 553 1385 πρὸς
569 1307 602 1367 τὸ
620 1305 769 1380 Ἀθήναιον
783 1307 816 1366 τὸ
830 1312 858 1366 ἐν
873 1310 980 1389 Σιγείῳ.

182 1401 270 1454 ταῦτα
284 1397 313 1454 δέ
325 1394 457 1459 Ἀλκαῖος
471 1402 499 1456 ἐν
511 1398 592 1473 μέλεϊ
606 1394 727 1470 ποιήσας
747 1396 864 1454 ἐπιτιθεῖ
881 1401 908 1459 ἐς
921 1403 980 1456 Μυ-

182 1484 305 1560 τιλήνην,
321 1484 559 1564 ἐξαγγελλόμενος
572 1483 605 1544 τά
621 1487 720 1542 ἑωυτοῦ
734 1483 823 1546 πάθος
837 1487 980 1545 Μελανίπ-

183 1597 226 1649 πῳ
239 1570 318 1648 ἀνδρὶ
332 1574 437 1652 ἑταίρῳ.
480 1574 686 1648 Μυτιληναίους
705 1572 734 1630 δέ
753 1572 798 1630 καὶ
817 1571 980 1648 Ἀθηναίους

183 1659 342 1734 κατήλλαξε
355 1661 526 1738 Περίανδρος
540 1659 555 1719 ά
570 1651 822 1739 Κυψέλου·’τοίτῳ
837 1660 891 1740 γιέρ
912 1661 979 1722 διαι-

182 1752 252 1826 τητῇ
280 1748 476 1826 ἐπετράποντο.
519 1748 678 1823 κατήλλαξε
704 1748 733 1807 δέ
758 1745 818 1807 ὧδε·
847 1749 980 1825 νέμεσθαι

173 1837 325 1912 ἑκατέρους
337 1839 388 1914 τήν
403 1839 510 1916 έχουσι.
553 1838 662 1917 Σίγειον
676 1838 727 1912 μέν
741 1863 789 1896 νυν
802 1836 873 1896 οὕτω
892 1840 979 1918 ἐγένε-

134 1924 214 1981 96το
232 1923 277 1983 ὑπ’
290 1925 475 2002 Ἀθηναίοισι.
516 1925 626 2000 Ἱππίης
641 1925 669 1982 δέ
684 1924 746 1984 ἐπεί
763 1949 793 1984 τε
814 1923 927 1984 α’πίκετο
949 1932 979 1986 ἐκ

181 2015 230 2086 τῆς
243 2015 449 2090 Λακεδαίμονος
467 2018 494 2077 ἐς
514 2012 566 2088 τήν
577 2012 686 2088 Ἀσίην,
701 2017 757 2072 πᾶν
774 2017 871 2090 χρῆμα
886 2014 978 2085 ἐκίνεε,

181 2099 345 2176 διαβάλλων
364 2128 395 2162 τε
416 2102 481 2164 τούς
493 2101 656 2176 Ἀθηναίους
672 2100 741 2176 πρὸς
756 2099 805 2160 τᾶν
824 2099 978 2179 Ἀρταφέρ-

179 2213 235 2257 νεα,
257 2190 304 2247 καὶ
324 2190 424 2249 ποιέων
446 2188 556 2249 ἅπαντα
578 2188 646 2250 ὅκως
668 2191 697 2246 αἱ
717 2187 834 2262 Ἀθῆναι
851 2191 978 2268 γενοίατο

179 2273 225 2334 δυ’
247 2278 335 2355 ἑωυτῷ
361 2303 392 2336 τε
419 2278 464 2334 καὶ
489 2277 605 2355 Δαρείῳ.
647 2275 757 2350 Ἱππίης
780 2301 811 2333 τε
834 2276 868 2352 δή
891 2282 978 2336 ταῦτα

179 2364 312 2440 ἔπρησσε,
330 2365 375 2422 καὶ
397 2368 423 2423 οί
443 2364 586 2440 Ἀθηναῖοι
609 2363 760 2440 πυθόμενοι
786 2368 882 2434 ταῦτα,
908 2367 978 2441 πέμ-

178 2477 265 2510 πουσι
281 2457 308 2514 ἐς
327 2452 426 2530 Σάρδις
443 2453 580 2534 ἀγγέλους
597 2452 645 2511 οὐκ
665 2456 760 2514 ἐῶντες
780 2451 845 2514 τούς
864 2454 978 2529 Πέρσας

178 2540 325 2600 πείθεσθαι
338 2541 491 2616 Ἀθηναίων
509 2545 585 2599 τοῖσι
606 2539 725 2620 φυγάσι·
746 2539 763 2598 0‘
777 2541 806 2598 δέ
822 2539 976 2616 Ἀρταφέρ-

178 2651 226 2702 νης
240 2627 350 2687 ἐκέλευέ
362 2635 462 2704 σφεας,
479 2633 501 2687 εἰ
514 2629 669 2704 βουλοίατο
684 2626 749 2686 σάοι
770 2627 846 2698 εἶναι,
864 2629 977 2686 καταδέ-

178 2715 278 2774 κεσθαι
299 2715 390 2776 ὀπίσω
409 2717 531 2792 Ἱππίην.
573 2715 659 2774 οὔκων
681 2715 715 2790 δή
738 2716 892 2774 ἐνεδέκοντο
912 2715 978 2779 τούς

178 2802 280 2884 λόγους
293 2803 520 2881 ἀποφερομένους
532 2803 687 2879 Ἀθηναῖοι·
710 2803 759 2862 οὐκ
774 2803 977 2879 ἐνδεκομένοισι

177 2891 207 2950 δέ
221 2899 276 2967 σφι
290 2892 402 2956 δέδοκτο
424 2898 453 2951 ἐκ
470 2897 521 2951 τοῦ
542 2895 665 2968 φανεροῦ
685 2895 761 2950 τοῖσι
776 2890 909 2970 Πέρσησι
926 2917 976 2951 πο-

177 2980 289 3055 λεμίους
304 2980 381 3039 εἶναι.

129 3069 166 3127 97
217 3068 375 3144 Νομίζουσι
388 3067 422 3142 δή
435 3072 530 3134 ταῦτα,
543 3066 588 3122 καὶ
602 3064 858 3141 διαβεβλημένοισι
872 3071 899 3128 ές
911 3067 977 3131 τούς

177 3156 298 3231 Πέρσας,
321 3154 457 3232 ἐντούτῳ
479 3154 513 3229 δή
535 3157 573 3229 τῷ
595 3155 678 3229 καιρῷ
699 3152 713 3210 ὁ
737 3153 881 3228 Μιλήσιος
901 3154 977 3232 ’Apta

176 3241 326 3321 σταγόρης,
348 3241 403 3300 ὖπὸ
427 3241 600 3316 Κλεομένεος
621 3244 670 3296 τοῦ
689 3240 910 3316 Λακεδαιμονίου
934 3243 977 3313 ἐξ·

175 3329 305 3390 ελασθεῖς
327 3334 356 3386 ἐκ
376 3333 427 3409 τῆς
441 3326 580 3405 Σπάρτης,
600 3324 715 3395 ἀπίκετο
736 3331 763 3389 ἐς
778 3326 827 3390 τάς
844 3325 975 3406 Ἀθήνας·
