2276 3554
175 120 282 185 ιι-ιο]
511 112 695 172 nomm.
927 123 979 180 Ιιιι

175 201 367 281 Σκάμανδρον,
381 202 412 267 ὃς
424 207 533 281 πρῶτος
545 207 679 280 ποταμῶν
693 203 796 262 ἐπείτε
810 206 839 261 ἐκ
854 202 978 278 Σαρδίων

174 288 344 366 ὁρμηθέντες
357 292 542 371 ἐπεχείρησαν
555 295 591 370 τῇ
604 290 666 370 ὁδῷ,
679 292 794 350 ἐπέλιπε
807 289 840 350 τό
852 291 974 368 ῥέεθρον,

174 375 232 436 οὐδ’
245 377 392 457 ἀπέχρησε
411 383 447 458 τῇ
468 384 588 458 στρατιῇ
606 405 636 438 τε
650 379 696 437 καὶ
708 382 785 438 τοῖσι
799 377 911 454 κτήνεσι
932 405 976 438 πι-

174 464 301 542 νόμενος·
329 467 375 525 ε’πὶ
396 471 495 528 τοῦτον
518 467 552 543 δή
576 467 626 527 τόν
649 467 777 544 ποταμόν
801 465 836 529 οἷς
860 465 975 527 άπίκετο

173 554 288 630 Ξέρξης,
298 559 325 618 ές
333 555 366 615 τό
378 555 509 632 Πριάμου
521 557 674 637 Πέργαμον
687 554 786 632 α’νέβη,
798 555 893 632 ἵμερον
906 556 975 634 ἔχων

173 641 344 716 θεήσασθαι·
373 643 545 721 θεησάμενος
572 645 602 703 δὲ
629 644 674 704 καὶ
700 643 855 719 πυθόμενος
881 645 975 704 κείνων

173 728 289 800 ἕκαστα,
303 736 338 810 τῇ
351 731 486 811 Ἀθηναίῃ
504 737 539 810 τῇ
557 731 656 792 Ἰλιάδι
678 733 761 792 ἔθυσε
780 733 852 808 βοῦς
871 733 973 810 χιλίας,

171 817 243 895 χοάς
253 818 283 877 δὲ
297 822 323 878 οἶ
335 819 422 901 μάγοι
435 823 512 880 τοῖσι
525 820 615 898 ἥρωσι
626 821 749 900 ε’χέαντο·
770 823 858 880 ταῦτα
872 820 901 878 δὲ
914 847 973 880 ποι·

171 907 342 982 ησαμένοισι
355 908 452 972 νυκτός
463 908 556 984 φόβος
567 914 594 972 ἐς
603 908 636 968 τό
650 907 841 986 στρατόπεδον
851 908 972 968 ε’νέπεσε·

172 991 232 1069 ἅμα
250 994 340 1074 ἡμέρη
361 997 391 1056 δὲ
412 997 557 1074 ἐπορεύετο
578 998 710 1067 ἐνθεῦτεν,
725 1002 754 1057 ε’ν
773 996 908 1075 άριστερῇ
923 1000 975 1074 μὲν

171 1079 301 1162 ἀπέργων
313 1084 447 1144 Ῥοίτειον
460 1085 544 1144 πόλιν
565 1087 611 1144 καὶ
623 1084 789 1162 Ὀφρύνειον
803 1085 848 1142 καὶ
863 1079 972 1162 Δάρδα-

172 1194 229 1239 νον,
243 1170 315 1248 ἥπερ
330 1173 363 1247 δή
377 1172 489 1252 Ἀβύδῳ
503 1173 621 1251 ὅμουρός
635 1179 704 1243 ε’στι,
720 1179 748 1232 ἒν
767 1173 842 1251 δεξιῇ
863 1173 892 1232 δὲ
906 1173 972 1252 Γέρ<

171 1259 254 1337 γιθος
270 1261 413 1337 Τευκρούς.

213 1345 293 1406 Ἐπεὶ
317 1349 339 1408 δ’
364 1351 491 1430 ἐγένοντο
518 1355 547 1410 έν
572 1349 693 1428 Ἀβύδῳ,
717 1349 843 1425 ἠθέλησε
866 1349 971 1427 Ξέρξης
981 1353 1020 1411 44

172 1435 283 1495 ἰδέσθαι
300 1437 391 1497 πάντα
409 1438 458 1498 τόν
479 1438 610 1514 στρατόν·
632 1439 678 1496 καὶ
691 1438 896 1514 προεπεποίητο
916 1438 971 1518 γάρ

171 1524 219 1582 ε’πὶ
237 1528 360 1584 κολωνοῦ
379 1526 502 1600 ἐπίτηδες
521 1525 594 1604 αύτῷ
613 1525 700 1605 ταύτῃ
720 1527 871 1603 προεξέδρη
889 1527 972 1586 λίθου

170 1614 284 1670 λευκοῦ·
305 1615 440 1688 ε’ποίησαν
463 1615 491 1672 δὲ
508 1613 669 1690 Ἀβυδηνοὶ,
691 1615 883 1690 ἐντειλαμένου
903 1614 970 1692 πρό-

170 1725 253 1776 τερον
266 1701 414 1775 βασιλέος·
437 1702 554 1761 ἐνθαῦτα
568 1701 602 1764 ὥς
617 1703 696 1773 ἵζετο,
713 1707 836 1778 κατορῶν
857 1702 901 1762 ε’πὶ
921 1706 971 1778 τῆς

170 1785 265 1862 ἠϊόνος
285 1790 392 1864 ἐθηεῖτο
414 1791 459 1848 καὶ
479 1789 529 1850 τόν
546 1790 629 1860 πεζόν
643 1790 689 1848 καὶ
701 1790 751 1854 τάς
764 1791 835 1854 νέας·
858 1791 970 1867 θηεύμε-

171 1901 219 1938 νος
240 1876 269 1935 δὲ
290 1877 389 1955 ἱμέρθη
402 1881 457 1936 τῶν
470 1882 537 1938 νεῶν
550 1876 675 1954 ἅμιλλαν
688 1881 836 1959 γινομένην
853 1879 969 1938 ἰδέσθαι·

171 1964 233 2022 ε’πεὶ
246 1963 270 2023 δ’
284 1966 391 2044 ε’γένετό
404 1991 435 2024 τε
448 1966 494 2023 καὶ
507 1966 601 2025 ε’νίκων
613 1967 737 2029 Φοίνικες
746 1967 879 2036 Σιδώνιοι,
893 1967 969 2042 ἥσθη

169 2077 201 2112 τε
223 2056 259 2130 τῇ
276 2052 384 2132 άμίλλη
404 2054 450 2112 καὶ
467 2058 503 2132 τῇ
522 2058 650 2132 στρατιῇ·
684 2053 732 2117 Ὡς
753 2055 782 2112 δὲ
802 2053 859 2130 ὥρα
878 2054 970 2114 πάντα
978 2060 1016 2116 45

169 2142 223 2216 μὲν
242 2139 293 2201 τόν
304 2141 519 2217 Ἑλλήσποντον
539 2141 594 2200 find
609 2146 664 2202 τῶν
679 2147 745 2202 νεῶν
762 2142 968 2220 ἀποκεκρυμμέ-

170 2255 228 2299 νον,
244 2228 339 2292 πάσας
357 2230 385 2288 δὲ
407 2230 457 2294 τάς
477 2228 562 2293 άκτάς
584 2231 630 2288 καὶ
651 2230 686 2289 τά
703 2229 867 2307 Ἀβυδηνῶν
887 2232 968 2292 πεδία

169 2317 292 2377 ε’πίπλεα
313 2317 470 2394 ἀνθρώπων,
492 2319 609 2378 ε’νθαῦτο
625 2319 730 2396 Ξέρξης
750 2319 849 2379 ἑωυτόν
868 2321 968 2398 ε’μακά-

167 2431 243 2482 ρισε·
264 2406 334 2482 μετά
348 2407 377 2464 δὲ
390 2411 473 2466 τοῦτο
487 2406 630 2484 ἐδάκρυσε.
673 2407 779 2467 Μαθοδν
799 2408 830 2468 δέ
845 2435 893 2485 μιν
906 2408 968 2486 Ἀρ·
979 2412 1015 2469 46

170 2493 294 2570 τάβανος
307 2493 322 2553 ό
336 2495 452 2571 πάτρως,
467 2495 497 2559 ὃς
514 2495 548 2555 τό
569 2500 679 2572 πρῶτον
691 2496 803 2577 γνώμην
816 2495 968 2566 ἀπεδέξατο

168 2584 319 2660 ἐλευθέρως
332 2582 364 2642 ου’
378 2583 583 2660 συμβουλεύων
595 2585 685 2663 Ξέρξη
701 2585 903 2662 στρατεύεσθαι
924 2586 969 2644 ἐπὶ

166 2670 221 2746 τήν
241 2671 376 2744 Ἑλλάδα,
400 2670 480 2735 οὗτος
500 2672 571 2750 δινήρ
589 2674 727 2750 φρασθεὶς
747 2674 852 2750 Ξέρξεα
871 2673 967 2751 δακρύ-

167 2785 260 2820 σαντα
274 2761 361 2837 είρετο
376 2760 451 2820 τάδε·
474 2761 521 2820 “ιίι
534 2764 667 2838 βασιλεῦ,
683 2761 718 2825 ιός
738 2762 812 2822 πολι)
833 2761 968 2837 άλλήλων

167 2849 361 2926 κεχωρισμένα
380 2848 505 2929 ε’ργάσαο
527 2855 574 2908 νῦν
595 2876 626 2908 τε
644 2851 691 2908 καὶ
706 2849 793 2931 ὀλίγῳ
813 2849 966 2926 πρότερον;

165 2937 326 3012 μακαρίσας
345 2937 401 3017 γάρ
422 2937 544 2996 σεωυτόν
560 2937 710 3014 δακρύεις·”
731 2937 790 2998 όδὲ
803 2938 872 2996 εἶπε·
894 2943 966 2998 “ε’σ-

165 3025 238 3099 ἤλθε
258 3024 314 3105 γάρ
335 3051 372 3101 με
390 3025 579 3106 λογισάμενον
600 3029 783 3102 κατοικτεῖραι
804 3025 839 3088 ὦς
858 3027 968 3105 βραχύς

166 3114 209 3190 εἴη
233 3111 249 3173 ό
273 3116 329 3176 πᾶς
355 3113 527 3190 ἀνθρώπινος
550 3115 623 3188 βίος,
646 3118 669 3172 εἶ
692 3112 796 3171 τούτων
816 3137 849 3189 γε
870 3111 968 3168 ἐόντων

164 3202 308 3263 τοσούτων
328 3201 416 3265 οὐδεὶς
430 3207 458 3264 ἐς
471 3199 623 3260 ἑκατοστόν
643 3200 702 3259 ἔτος
720 3193 888 3270 περιέσται·”
909 3193 968 3250 6δέ

165 3291 302 3416 ἅΙιΙιείβετο
315 3292 414 3366 λέγων·
436 3301 453 3326 “
463 3291 543 3366 ἔτερα
556 3287 656 3344 τούτου
671 3281 747 3356 παρά
766 3279 817 3350 τήν
838 3277 904 3348 ζόην
921 3300 968 3332 πε-

202 3384 278 3428 ·-12
