2276 3554
170 141 279 205 11-13]
484 142 670 190 ιιοκυυιιικ.
923 141 969 193 ιιι

169 220 318 298 ἀδελφεός·
341 220 425 282 τοῦτό
446 247 482 281 σε
502 221 617 298 ῥύσεται
634 221 740 298 μηδένα
761 219 840 292 ἄξιον
862 219 969 298 μισθόν

169 311 274 385 λαβεῖν
292 310 377 370 ἐπέων
397 308 531 386 ματαίων·
553 309 601 368 καί
611 335 655 369 τοι
667 309 770 386 ταύτην
785 308 837 385 τὴν
857 307 969 386 άτιμίην

169 398 343 474 προστίθημι
363 397 436 458 ἐόντι
453 402 526 477 κακῷ
538 423 569 458 τε
583 399 629 457 καὶ
642 396 752 476 daim:
761 397 832 474 μήτε
844 422 968 474 συστρσ·

167 484 300 546 τεύεσθαι
319 487 383 562 ἐμοί
399 513 432 567 γε
454 487 500 546 ἐπὶ
519 485 571 561 τὴν
584 485 711 544 Ἐλλάδα
731 485 815 546 αὐτοῦ
829 511 861 547 τε
876 485 968 562 μένειν

165 571 229 650 ἅμα
240 578 310 652 τῇσι
322 575 440 655 γυναιξί·
467 579 475 598 ’
495 573 515 633 ιδ
529 575 559 633 δὲ
572 575 619 633 καὶ
631 573 696 634 άνευ
709 574 760 633 σέο
773 572 881 650 ὅσαπερ
902 572 968 632 εἶπα

169 663 300 720 ἐπιτελέα
326 661 449 738 ποιὴσω·
483 662 523 739 μὴ
547 662 602 744 γάρ
629 663 687 738 εἴην
714 666 744 720 ἐκ
772 662 892 740 Δαρείου
917 663 968 722 τοῦ

168 749 355 820 Ὑστάσπεος,
376 754 427 810 τοῦ
450 749 616 828 Ἀρσάμεος,
634 753 686 810 τοῦ
702 748 900 828 Ἀριαράμνεω,
917 753 968 810 τοῦ

168 839 313 908 Τεΐσπεος,
326 844 376 899 τοῦ
390 839 495 916 Κόρου,
509 843 559 898 τοῦ
573 837 745 916 Καμβύσεω,
759 841 810 898 τοῦ
824 838 967 908 Τεΐσπεος,

168 931 219 986 τοῦ
237 926 417 1005 Ἀχαιμένεος
436 927 564 1009 γεγονῶς,
584 925 625 1004 μὴ
646 925 873 1004 τιμωρησάμενος
885 925 968 1002 Ἀθη·

168 1016 271 1078 ναίους·
293 1015 323 1074 εὖ
336 1015 527 1092 ἐπιστάμενος,
539 1015 582 1075 ὅτι
596 1020 620 1074 εἰ
631 1013 711 1092 ἡμεῖς
722 1013 843 1093 ἡσυχίην
857 1013 967 1090 ἄξομεν,

169 1101 237 1160 ἀλλ’
251 1101 300 1162 οὗκ
317 1109 415 1163 ἐκεῖνοι
432 1103 509 1162 άλλά
527 1106 572 1162 καὶ
588 1103 667 1180 μάλα
685 1101 904 1180 στρατεύσονται
923 1101 969 1162 ἐπὶ

169 1190 222 1266 τὴν
234 1191 379 1269 ἡμετέρην,
394 1197 418 1252 εἰ
430 1191 486 1272 χρὴ
500 1191 726 1268 σταθμώσασθαι
738 1194 814 1250 τοῖσι
827 1189 968 1272 ιῖπαργμέ-

169 1303 247 1339 νοισι
260 1279 291 1348 ἐξ
301 1281 418 1341 ἐκείνων·
440 1279 465 1340 οἳ
479 1280 579 1358 Σάρδις
589 1306 619 1340 τε
630 1280 786 1356 ἐνέπρησαν
798 1280 843 1338 καὶ
856 1278 969 1356 ἤλασαν

171 1371 199 1430 ἐς
210 1367 263 1443 τὴν
275 1367 385 1444 Ἀσίην.
428 1367 514 1428 οὔκων
528 1368 723 1446 ἐξαναχωρέειν
736 1365 905 1444 οὐδετέροισι
924 1367 968 1427 δυ-

170 1459 259 1520 νατῶς
272 1458 337 1536 ἔχει,
351 1457 428 1518 ἀλλὰ
441 1458 544 1516 ποιέειν
556 1456 574 1532 ἢ
587 1456 700 1516 παθέειν
720 1456 867 1532 προκέεται
884 1455 968 1537 α’γιάν·

171 1544 217 1604 ἶνα
230 1543 248 1620 ἢ
261 1545 327 1604 τάδε
339 1545 431 1604 πάντα
443 1543 498 1605 ὑπό
514 1542 650 1620 Ἕλλησι,
664 1542 683 1620 ἡ
697 1547 787 1604 ἐκεῖνα
806 1543 898 1604 πάντα
912 1544 967 1604 ὖπό

171 1633 304 1711 Πέρσησι
324 1634 446 1712 γένηται·
467 1633 499 1692 τδ
520 1633 575 1714 γάρ
593 1633 684 1708 μέσον
702 1631 781 1692 οὐδὲν
800 1635 850 1707 τῆς
869 1633 969 1712 ἔχθρης

170 1720 243 1779 ἐστί·
265 1720 352 1780 καλόν
365 1719 402 1780 ὧν
415 1720 643 1797 προπεπονθότας
656 1719 743 1798 ἡμέας
756 1720 898 1796 τιμωρέειν
916 1720 969 1796 ἤδη

168 1809 284 1888 γίνεται,
299 1808 344 1868 ἵνα
358 1808 449 1868 καὶτὰ
463 1808 550 1868 δεινόν
568 1809 601 1868 τό
621 1809 756 1885 πείσομαι
773 1812 857 1868 τοῦτο
877 1808 966 1884 μάθω,

170 1894 279 1959 ἐλάσας
297 1895 339 1954 ἐπ’
360 1895 460 1974 άνδρας
480 1897 601 1967 τούτους,
622 1896 686 1960 τούς
706 1923 740 1977 γε
762 1897 808 1954 καὶ
827 1898 931 1974 Πέλοψ
951 1896 967 1958 ὅ

169 1984 255 2060 Φρύξ,
269 1983 320 2044 ἐιδν
339 1986 465 2062 πατέρων
476 1988 531 2045 τῶν
545 1989 617 2062 ἐμῶν
637 1985 745 2055 δοῦλος,
760 1987 969 2064 κατεστρέψατο

170 2071 250 2142 οὕτω,
266 2071 302 2135 οἷς
323 2073 369 2132 καὶ
386 2077 414 2136 ἐς
433 2073 497 2134 τάδε
517 2071 598 2134 αὗταί
615 2099 647 2134 τε
666 2073 808 2150 ὥνθρωποι
829 2074 875 2132 καὶ
894 2074 912 2150 ἡ
931 2078 969 2155 γῆ

168 2159 260 2220 αὐτῶν
274 2161 410 2236 ἐπώνυμοι
422 2165 472 2221 τοῦ
486 2162 751 2240 καταστρεψαμένου
765 2162 936 2221 καλέονται.”

209 2253 304 2307 Ταῦτα
317 2251 369 2325 μέν
382 2250 428 2308 ἐπὶ
440 2254 562 2309 τοσοῦτο
576 2251 698 2330 ἐλέγετο·
712 2249 783 2326 μετά
794 2249 832 2322 δέ,
847 2250 969 2329 εὐφρόνη
980 2254 1016 2312 12

167 2363 200 2398 τε
218 2338 324 2418 ἐγίνετο
343 2338 389 2396 καὶ
407 2339 512 2415 Ξέρξεα
529 2340 616 2410 ἔκνιζε
631 2337 650 2414 ἡ
667 2339 845 2415 Ἀρταβάνου
862 2340 968 2423 γνώμη·

167 2427 246 2486 νυκτὶ
259 2425 289 2484 δέ
300 2425 412 2502 βουλὴν
425 2425 524 2497 διδούς,
533 2426 630 2509 πάγχυ
643 2427 754 2505 εὕρισκέ
767 2431 793 2488 οἱ
807 2427 838 2487 οὗ
852 2434 970 2508 πρῆγμα

167 2515 239 2574 εἶναι
252 2513 456 2592 στρατεύεσθαι
470 2516 515 2574 ἐπὶ
527 2516 579 2592 τὴν
596 2515 732 2576 Ἑλλάδα·
753 2517 923 2598 δεδογμένων
940 2518 972 2578 δέ

167 2607 196 2663 οἱ
209 2602 287 2671 αὖτις
299 2602 412 2672 τούτων,
432 2604 603 2664 κατύπνωσε·
626 2604 671 2663 καὶ
690 2605 724 2680 δή
738 2631 787 2664 κου
802 2610 831 2664 ἐν
843 2609 879 2683 τῇ
893 2606 970 2664 νυκτὶ

167 2692 222 2751 εἶδε
232 2690 300 2769 ὄψιν
312 2690 429 2768 τοιήνδε,
444 2691 480 2756 οἷς
493 2693 605 2773 λέγεται
618 2691 673 2752 ὑπό
688 2694 830 2770 Περσέων·
852 2692 970 2754 ἐδόκεεὸ

166 2781 274 2858 ’Ξέρξης
300 2778 386 2856 ἄνδρα
410 2777 436 2839 οἱ
458 2780 609 2840 ἐπιστάντα
635 2781 724 2862 μέγαν
747 2807 777 2840 τε
801 2781 847 2840 καὶ
868 2781 970 2840 εὐειδέα

167 2872 265 2929 εἰπεῖν·
291 2867 388 2945 “μετά
405 2868 439 2943 δὴ
457 2868 616 2945 βουλεύεαι,
635 2868 656 2927 ὦ
676 2871 785 2946 Πέρσα,
806 2869 967 2946 στράτευμα

167 2957 208 3036 μὴ
223 2957 302 3040 ἅγειν
315 2957 362 3015 ἐπὶ
372 2955 425 3032 τὴν
438 2955 574 3026 Ἐλλάδα,
587 2957 722 3034 προείπας
735 2957 842 3029 άλίζειν
855 2958 971 3034 Πέρσας
1005 3019 1008 3024 ,

167 3044 305 3122 στρατόν;
341 3043 404 3103 οὔτε
432 3044 469 3104 ὧν
493 3045 769 3121 μεταβουλευόμενος
801 3046 904 3106 ποιέεις
931 3043 969 3112 εὖ,

167 3133 233 3195 οὔτε
256 3132 273 3193 ά
294 3131 527 3212 συγγνωσόμενός
546 3156 591 3190 τοι
610 3129 695 3205 πάρα·
717 3130 791 3197 ἀλλ’,
806 3128 901 3201 ὥσπερ
921 3133 971 3200 τῆς

167 3221 274 3299 ἡμέρης
295 3217 473 3296 ἐβουλεύσαο
493 3217 604 3288 ποιέειν,
625 3214 728 3286 ταύτην
746 3215 785 3270 Ιίθι
803 3215 856 3268 τῶν
875 3209 970 3266 ὁδῶν.”

168 3309 226 3388 ’ἐόν
231 3310 295 3388 μὲν,
304 3309 392 3368 ταῦτα
403 3306 528 3373 εἴπαντα,
539 3301 629 3360 ἐδόκεε
640 3299 655 3356 ό
665 3297 770 3370 Ξέρξης
780 3291 970 3350 amdam
983 3293 1018 3344 13
